1614 3300
80 256 139 319 130
189 256 599 302 uenanuuurtcrtr

75 341 195 421 populos
206 341 274 414 adit,
295 342 385 402 donec
398 344 428 401 in
440 346 583 402 Ponticum
598 364 673 403 mate

76 425 122 486 sex
134 429 267 486 meatibus
282 431 415 507 erumpit3
442 429 586 508 septimum
598 433 673 489 enim

55 572 58 577 ,
77 534 110 573 os
128 514 272 592 paludibus
284 517 420 574 hauritur.
467 514 543 594 ipsos
558 520 694 577 Germa-i

78 619 134 659 nos
151 600 294 677 indigenas
311 601 485 674 crediderim,
506 604 675 678 minimeque

79 685 191 745 aliarum
209 690 332 763 gentium
345 686 508 746 adventibus
520 706 547 745 et
561 688 676 766 hospiti·

79 774 105 832 is
114 776 216 832 mixtos
226 796 233 830 :
245 776 310 850 quia
323 789 453 831 necterra
463 772 541 841 olim,
556 771 598 830 sed
609 772 676 831 clus·

81 856 151 919 sibus
176 859 384 918 advehebantur
402 861 450 937 qui
472 874 579 918 mutare
601 859 675 918 sedes

81 947 264 1023 quaerebant:
285 964 312 1003 et
322 943 468 1004 immensus
486 944 570 1020 ultra,
590 961 676 1024 utque

82 1030 118 1091 fic
128 1029 255 1106 dixerim,
274 1029 402 1091 adversus
415 1039 541 1092 Oceanus
559 1034 625 1090 raris
643 1037 678 1092 ab

83 1121 150 1178 orbe
161 1117 254 1176 n'ullro
264 1120 379 1178 navibus
390 1118 491 1177 aditur.
515 1120 579 1198 quis
594 1139 684 1198 porro

85 1220 191 1286 praeter
203 1205 350 1281 periculum
363 1202 465 1264 horridi
477 1219 505 1263 et
516 1207 605 1282 ignoti
621 1227 679 1263 mas·

87 1294 139 1365 ris,
157 1289 229 1364 Afia,
243 1306 291 1349 aut
304 1288 408 1364 Africa,
428 1305 476 1349 aut
488 1291 565 1347 italia
576 1291 678 1365 relicta,

89 1380 261 1437 Germaniam
281 1377 403 1456 peteret?
426 1374 572 1434 informem
585 1377 677 1450 terris,

87 1464 205 1545 asperam
218 1464 305 1535 coelo,
315 1461 413 1522 tristem
421 1461 495 1520 cultu
504 1459 676 1539 aspectuque,

86 1546 136 1612 nii
154 1551 271 1631 srpatria
289 1548 331 1611 fit.
359 1547 498 1609 celebrant
510 1550 681 1608 carminibus

87 1641 207 1721 antiquis
221 1637 317 1717 (quod
326 1656 410 1696 unum
419 1634 490 1716 apud
502 1635 564 1694 illos
573 1657 678 1695 memo·

88 1728 144 1787 riae
151 1741 179 1785 et
186 1725 326 1784 annalium
338 1723 481 1802 genusell)
493 1726 502 1755 ‘
515 1722 685 1783 Tuistonem

89 1814 99 1843 ‘
109 1814 188 1872 deum
198 1827 268 1870 terta
277 1812 392 1884 editum,
400 1826 427 1868 et
435 1809 520 1869 filium
530 1816 679 1880 Mannum,

89 1903 99 1932 ⁴
110 1902 242 1977 originem
248 1895 562 1975 gentiaconditotesque.
570 1900 678 1953 Manno

91 1989 161 2044 ‘tris
169 1986 241 2044 filios
253 1983 393 2061 assignant,
405 2002 548 2062 equorum
557 1981 686 2039 nomini--

90 2071 286 2150 ‘busproximi
300 2077 601 2146 Oceanolnguevonta,
621 2086 679 2124 me·

90 2160 147 2218 ‘dii
158 2159 356 2228 Herminones,
368 2157 450 2215 ceteri
463 2154 616 2214 Istaevones
628 2174 681 2212 vo·

91 2247 227 2304 ‘centua'
250 2243 577 2319 quidamautemlicentiu
590 2238 682 2299 vetus·

89 2336 153 2391 tatis
165 2333 174 2362 ‘
187 2331 285 2409 plureis
294 2329 345 2387 deo
354 2343 445 2399 ortos,
466 2326 606 2407 pluresque
613 2348 682 2404 gen·

89 2420 100 2449 ‘
111 2422 145 2477 tis
154 2416 360 2497 appellationes,
370 2412 484 2485 Marsos,
494 2416 682 2486 Gambrivios,

90 2508 225 2575 ‘Suevos,
247 2502 399 2560 Vandalios
421 2501 575 2561 affirmant:
597 2518 683 2577 enque

89 2588 458 2673 ‘neraetantiquanominn
482 2600 602 2648 ceterum
610 2592 682 2647 Ger-
