1656 3354
117 250 177 312 ²31
245 249 293 292 oa
311 251 572 294 carnotinus

113 334 274 414 provincias
293 332 455 392 innotescat.
491 324 740 410 quotusquisque*

114 441 176 478 cum
188 440 225 479 ex
240 418 369 496 Hispania
379 421 422 478 vel
443 416 519 485 Afia‚
535 438 570 476 ne
587 418 653 495 quid
669 418 704 477 de

114 507 200 565 Gallia
208 503 306 563 nostris
314 503 466 584 loquamur,
475 506 503 562 iu
512 505 607 562 urbem
615 504 703 572 venit,

112 592 230 668 Salejum
248 587 352 649 Baffum
365 589 497 668 requirit?
511 585 704 668 atqueadeoli

113 679 179 756 quia
193 677 307 753 requirit
318 691 345 733 et
360 674 439 734 semel
457 673 527 734 vidit
535 716 552 747 ,.
563 671 660 733 traofit
675 687 704 735 et

113 776 263 821 contentus
274 759 327 819 elle
349 775 381 819 nr
398 759 416 821 fi
436 763 566 837 picturam
584 760 704 840 aliqum

113 845 158 906 vel
170 844 279 904 llatuam
292 845 408 906 vidiffet.
431 865 520 926 neque
531 848 703 906 honemeom

113 929 263 992 sermonem
275 929 310 991 lic
321 934 406 1011 accipi
418 931 497 1006 volo,
513 946 642 1008 tanquam
653 950 704 992 eoa

113 1019 213 1096 quibus
224 1032 321 1077 natura
338 1015 382 1075 sua
398 1018 548 1076 oratorium
563 1019 703 1093 ingenium

114 1103 276 1179 denegavit,
288 1101 435 1161 deterream
448 1123 464 1162 a
477 1104 662 1178 carminibus,
682 1101 704 1163 fi

113 1188 244 1249 modo-in
261 1192 312 1248 hac
328 1187 474 1247 studiorum
487 1188 705 1267 paneoblertne

113 1276 201 1334 otium
213 1273 472 1334 etnomeninl'erere
479 1273 589 1354 poliunt
597 1273 700 1349 samae3

112 1379 166 1436 ego
173 1380 242 1420 vero
248 1379 358 1419 omnem
364 1360 546 1439 eloquentiam
552 1359 704 1442 omnesque

110 1445 173 1524 ejus
187 1460 278 1524 parter
293 1443 379 1504 sacras
390 1462 417 1505 et
434 1447 599 1506 venerabiles
611 1461 700 1526 putot

113 1552 164 1592 nec
175 1529 260 1590 solum
277 1535 442 1607 cothurnum
454 1531 580 1606 vestrum,
595 1549 643 1591 aot
654 1536 703 1594 lue·

112 1619 181 1678 roici
201 1619 328 1677 carminis
348 1615 444 1676 sonum
454 1659 465 1692 ,
487 1617 530 1678 sed
553 1617 704 1697 lyricorum

112 1703 440 1782 quoquejucunditatem‚
458 1720 485 1762 er
500 1705 636 1781 elegorum
651 1704 704 1766 las·

112 1791 207 1862 civius,
222 1789 408 1866 etjamborurn
417 1791 634 1866 amaritudinem,
646 1794 704 1872 epi·

111 1887 289 1950 grammatum
306 1870 387 1940 lusus,
402 1889 428 1932 et
445 1896 643 1956 quamcumque
654 1877 704 1938 ali·

112 1980 155 2018 am
171 1957 283 2038 speciem
295 1958 452 2037 eloquentia
465 1965 573 2038 habeat,
588 1979 703 2044 antepo-

113 2045 230 2104 nendam
249 2047 345 2104 ceteris
363 2045 476 2104 aliatum
489 2051 587 2108 artium
607 2047 703 2110 lludiia

112 2130 211 2202 credo;
227 2129 271 2190 sed
283 2145 370 2189 tecum
384 2133 450 2190 mihi
460 2139 586 2192 Materne
596 2135 704 2212 restest,

113 2215 259 2294 quodcum
275 2229 373 2274 natura
384 2231 430 2274 tua
438 2223 467 2276 io
477 2220 562 2295 ipsam
573 2239 662 2279 arcem
673 2242 701 2280 e·

113 2301 267 2380 loquentiae
276 2300 352 2368 ferat,
362 2305 590 2377 erraremavis‚et
599 2302 703 2367 summa

113 2387 238 2464 adeptus,
252 2388 281 2444 in
293 2385 441 2446 levioribus
454 2387 577 2448 subiistis.
602 2408 634 2449 ut
644 2389 702 2454 filo

114 2474 223 2531 Graecia
238 2488 318 2530 natus
329 2470 394 2531 elles
404 2515 422 2541 ,Α
434 2477 479 2533 ubi
494 2474 613 2535 ludicras
630 2496 701 2557 qno·

110 2579 166 2646 que
176 2558 590 2640 attiaexetcetehonellumest,
605 2582 642 2625 aa
651 2562 701 2625 tibi
