1614 3300
26 237 100 302 '228
168 254 494 301 uronntotttuut

41 352 100 411 tor,
110 357 172 396 cum
182 339 299 418 primum
308 340 401 397 urbem
413 338 575 413 attigerunt,
587 340 632 393 r'e·

41 425 158 500 quirunt
168 445 200 481 oc
216 423 310 481 vultur
326 419 471 499 agnoscere
488 414 635 497 concupis·

42 522 122 568 cunt.
166 507 256 567 Aulin
270 505 447 578 contendere,
466 503 651 565 Marcellum

45 597 121 654 hunc
143 596 258 670 Eprium
275 593 310 652 de
331 612 387 669 quo
410 589 495 649 ruodo
522 589 634 649 locutu·

44 677 281 756 sum,etCrispum
289 676 635 744 VibiumGibentiutcnim

45 766 129 825 novit
140 778 168 821 et
178 765 331 835 recentibus
338 782 419 840 quum
428 761 542 821 remotis
549 762 636 821 etob-

44 847 173 907 litterutir
184 849 317 927 exemplis
324 851 402 922 utor)
410 867 469 906 non
478 847 574 905 minut
583 842 638 905 else

46 933 77 992 in
95 934 224 992 extremit
243 934 365 1010 partitur
384 947 530 1003 terrorum,
551 950 638 1010 quem

46 1015 637 1098 CapuaenutVet-cellir,ubinatidicunturr

46 1124 98 1164 nec
109 1106 162 1163 hoc
174 1103 227 1162 illie
239 1102 349 1161 tlteriur
364 1116 405 1161 ter
415 1100 512 1160 millite
523 1098 639 1161 sesterti·

47 1209 94 1249 urn
106 1187 231 1267 praellae,
242 1206 406 1267 quemquern
417 1184 451 1245 ud
465 1188 514 1245 hat
526 1185 639 1266 ipscto·

46 1294 94 1352 per
106 1271 214 1350 possunt
224 1274 310 1333 videri
322 1273 494 1351 eloquentiae
502 1271 639 1333 beneficio

46 1356 158 1418 venille.
188 1356 243 1437 ipsa
254 1358 430 1436 eloquentia,
440 1357 522 1430 cuius
534 1378 640 1419 numen

44 1458 76 1503 et
85 1440 206 1503 coelestis
224 1444 267 1502 vir
282 1444 367 1503 multu
384 1442 493 1522 quidem
506 1444 639 1503 omnibu·

45 1524 158 1591 saeculis
169 1529 292 1607 exemplu
303 1527 397 1603 edidit,
407 1529 441 1588 ad
453 1544 584 1607 quantem
595 1528 638 1591 us·

47 1633 104 1693 que
120 1613 258 1674 fortunam
276 1616 401 1673 hominen
415 1614 517 1690 ingenii
530 1615 639 1677 viribus

46 1702 233 1777 pervenerint.
266 1695 310 1758 sed
328 1702 405 1773 haee,
426 1716 457 1757 ut
475 1696 640 1777 supradixi,

47 1787 192 1861 proximu,
213 1799 241 1841 et
253 1803 320 1860 quae
331 1805 389 1843 non
408 1783 500 1843 auditu
519 1784 638 1862 cognos·

47 1868 133 1927 ccndu
144 1867 187 1927 sed
205 1867 292 1926 oculis
306 1866 447 1946 speelundt
465 1870 638 1935 haberemur.

46 1950 641 2033 oumquosordidiuzetabjeetiusnnisune,

46 2056 159 2116 quoque
176 2038 322 2097 notabilior
338 2056 480 2118 paupertas
496 2056 524 2099 ct
537 2040 637 2118 angus.

46 2120 635 2201 tiarerumnoscenteseoscircumsteteruntr

45 2208 200 2268 eodariora
211 2224 239 2266 et
252 2207 287 2267 ad
297 2207 528 2269 demonstrandam
539 2228 637 2275 orato·

46 2295 103 2351 rite
112 2294 285 2372 eloquentiae
296 2292 439 2356 utilitatem
451 2293 595 2357 illustriora
606 2318 636 2358 e·

46 2379 156 2457 xempla
167 2378 245 2450 sunt3
260 2379 334 2457 quod
346 2376 401 2436 sine
416 2382 636 2442 commendatio·

47 2481 82 2521 ne
93 2463 235 2531 natalium,
246 2462 299 2523 stne
309 2462 454 2523 substantie
460 2464 634 2543 facultatum,

47 2562 143 2611 neuter
159 2550 282 2613 moribus
298 2551 436 2633 egregius,
456 2550 521 2617 alter
539 2553 634 2617 habitu
