1614 3300
83 254 144 312 204
183 248 587 293 demutationem

81 336 92 367 ‘
105 333 279 414 pulchramet
288 333 455 414 spectabilem
463 331 606 392 vitiotiatn
613 332 716 405 ede.

84 423 182 480 ‘retis¹
213 419 350 497 transigite
365 437 427 479 euru
442 416 699 497 expeditionibus,

83 508 94 539 ⁴
107 505 537 586 imponitequinquagintaannis
546 520 687 577 magnum

84 592 95 624 ⁴
108 593 188 662 diem,
200 595 347 672 approbate
357 589 519 668 reipublicae
533 606 682 665 nunquam
707 596 713 607 '

86 678 97 709 ‘
110 681 241 737 exercitui
258 679 385 755 imputari
396 671 520 754 potuisse,
531 688 682 730 autmorae

89 763 98 793 ‘
111 762 172 820 belli
184 779 230 821 aut
244 752 335 820 'causas
346 760 512 819 rebellandi)
558 763 597 815 Et
608 757 678 816 allo·
687 774 722 838 35

87 862 189 923 quente
197 847 285 905 adhuc
295 847 421 923 Agricola
432 845 547 904 militurn
559 843 645 903 ardor
653 865 684 903 ει

86 933 218 1005 minebat,
229 947 257 990 et
272 932 350 991 fidem
364 933 498 990 orationis
514 932 613 1007 ingens
624 930 685 990 ala·

87 1019 169 1076 critas
184 1017 328 1076 consecuta
342 1016 391 1091 est,
402 1016 544 1093 statimque
557 1016 592 1075 ad
607 1037 686 1077 anna

87 1101 252 1175 discursum
267 1101 686 1181 iustindiosruentesqueitadis·

87 1188 196 1264 posuit,
219 1206 250 1248 ut
269 1190 392 1269 pediturn
409 1190 508 1247 auxilia
526 1207 595 1265 quae
615 1192 684 1247 odio

87 1276 173 1334 millia
188 1291 266 1334 erant
277 1318 285 1347 ,
296 1275 414 1334 mediam
423 1277 507 1332 aciem
517 1272 661 1331 firmarent
671 1294 681 1331 e

87 1363 211 1437 equiturn
231 1363 284 1419 tria
302 1361 387 1419 millia
404 1362 535 1421 cornibus
555 1353 685 1417 affunde·

87 1461 198 1516 rentum
220 1447 341 1523 legiones
355 1466 407 1525 pro
426 1445 499 1505 vallo
514 1443 626 1518 stetere‚-
636 1445 685 1513 in·

35 1586 42 1600 ,
87 1528 684 1607 genavidioriaedecuscitraRomanuntsan·

88 1621 198 1692 guinem
209 1617 330 1691 bellanti,
347 1633 374 1676 et
382 1618 511 1676 auxilium
522 1613 685 1694 stpelleren-

88 1720 144 1762 tur.
175 1706 368 1763 Britannorum
381 1705 451 1762 acies
466 1705 494 1759 in
515 1699 629 1778 speciem
649 1701 686 1762 fi·

88 1789 188 1847 mulae
207 1804 338 1847 terrorem
357 1789 517 1847 editioribus
529 1787 598 1845 locis
614 1808 689 1847 con-

88 1872 225 1932 stiterant:
243 1877 282 1932 ita
297 1888 327 1931 ut
339 1877 456 1952 primum
474 1893 569 1950 agmen
579 1893 685 1952 aequo,

89 1960 171 2017 ceteri
187 1979 234 2037 per
250 1958 353 2019 acclive
368 1960 465 2037 jugum
475 1962 593 2019 connexi
607 1961 685 2021 velut

87 2042 273 2120 insurgerent;
297 2043 385 2103 media
407 2047 496 2124 campi
523 2046 685 2108 covinarius

88 2145 117 2188 ct
127 2151 210 2208 eques
222 2130 331 2210 strepitu
340 2151 371 2189 ac
386 2128 505 2190 discursu
516 2131 682 2210 complebat.

88 2231 147 2274 tunt
155 2215 685 2294 Agricolasuperantehosliummultitu·

88 2300 152 2361 dine
167 2304 269 2362 veritus
287 2324 322 2360 ne
332 2301 410 2363 simul
420 2304 449 2361 in
459 2302 588 2372 frontem,
604 2301 684 2365 fimul

88 2406 116 2445 er
130 2389 214 2446 latera
228 2384 336 2447 suorum
356 2404 541 2466 pugnaretur,
560 2389 681 2450 diduc‘lis

88 2474 249 2532 ordinibus:
266 2495 432 2553 quamquam
447 2477 595 2552 porrcdlior
608 2477 683 2536 acies

88 2558 180 2625 sutura
189 2575 256 2641 erut,
271 2576 298 2620 et
310 2559 474 2623 arcessendas
482 2560 605 2642 plerique
614 2561 682 2642 legi·
