1614 3300
209 168 232 229 6
289 183 720 227 c.connsarrrncrrr

209 288 294 342 arma,
319 266 393 326 haud
405 270 495 326 minus
508 268 558 343 ira,
576 288 658 345 quam
672 283 746 326 metu
759 291 788 328 a·

206 356 285 433 jecit.
304 352 795 433 longusdedrtornmordo,septusar

207 443 303 515 matis,
312 462 360 521 per
371 445 463 500 urbem
477 442 596 513 inceffit;
610 464 692 501 nemo
705 441 795 522 suppli

210 529 338 600 simitu,
352 528 397 587 sed
412 528 498 587 tristes
510 546 536 587 et
552 544 652 597 truces,
670 545 697 588 et
711 530 764 591 adv

207 874 281 937 diam
297 876 416 936 conditi.
448 878 516 936 nihil
534 876 677 957 quisquam
698 880 792 939 locutu

209 963 367 1041 indignum,
382 979 410 1023 et
421 984 587 1045 quamquam
601 968 672 1023 inter
685 966 796 1027 adversa

207 1048 281 1111 salva
301 1055 412 1111 virtutis
431 1052 512 1111 fama.
544 1052 609 1111 dein
627 1058 662 1111 L.
676 1053 803 1112 Vitellio

208 1139 382 1210 interficitur,
396 1160 445 1216 par
456 1141 534 1198 vitiis
542 1138 646 1213 fratris,
663 1141 692 1197 in
704 1142 796 1219 princi

208 1240 272 1303 patu
283 1227 343 1302 ejus
352 1226 534 1300 vigilantiorg
556 1246 608 1283 nec
621 1226 733 1303 perinde
743 1248 795 1306 pro

206 1310 291 1389 speris
308 1311 410 1383 socius,
422 1333 504 1390 quam
520 1312 637 1371 adversis
650 1312 795 1373 abstraaus

206 1397 304 1459 lisdem
317 1398 414 1457 diebus
428 1398 552 1458 Lucilius
568 1398 660 1457 Balins
677 1422 739 1460 cum
757 1422 795 1461 ex

205 1485 302 1569 pedito
317 1488 420 1566 equite,
438 1487 472 1545 ad
488 1487 710 1565 componendam
724 1494 794 1549 Cam

206 1576 316 1654 paniam
325 1576 463 1633 mittitur:
482 1574 795 1655 discordibusmunicipi

206 1681 285 1721 orum
298 1664 410 1737 animis,
431 1665 517 1738 magis
531 1665 603 1721 inter
615 1661 709 1733 semet,
723 1683 778 1741 qua
796 1695 801 1716 .

206 1746 383 1808 ‘contumacia
407 1745 534 1805 adversus
553 1747 715 1824 Principem.
746 1748 800 1808 vis

206 1836 294 1896 milite
306 1836 396 1914 quies,
414 1848 442 1891 et
454 1833 607 1892 minoribus
620 1833 740 1893 coloniis
753 1837 791 1895 im

207 1924 339 1999 punitasz
364 1925 472 1999 Capuae
487 1920 559 1997 legio
572 1920 652 1979 tertia
666 1922 807 1982 hiemand

206 2007 295 2068 cauffa
312 2008 444 2079 locatum
474 2025 500 2065 et
516 2007 615 2066 domus
635 2007 750 2066 illustres
767 2008 801 2067 af

206 2096 312 2165 ninam
335 2117 397 2154 cum
410 2110 506 2154 contra
516 2092 731 2154 Tarracinenses
744 2094 794 2152 nul

206 2181 232 2239 la
245 2201 299 2258 ope
308 2183 484 2258 juvarentur.
510 2196 592 2239 tanto
605 2179 756 2260 proclivius
769 2202 783 2237 e
804 2212 807 2230 ι

206 2268 334 2344 injuriae,
357 2289 439 2346 quam
461 2268 592 2327 beneficio
608 2271 697 2326 vicem
714 2264 792 2325 exsol

207 2374 289 2411 verer
313 2358 378 2432 quia
391 2356 477 2429 grstia
490 2359 578 2429 oneri,
592 2355 662 2417 ultio
675 2356 704 2411 in
721 2372 793 2430 quae

208 2438 247 2497 stu
262 2442 385 2499 habetur.
407 2439 503 2499 solatio
516 2441 566 2499 fuir
580 2441 807 2514 serv-nsVergini

208 2526 371 2604 Capitonis,
394 2546 475 2608 quem
487 2528 662 2609 proditorem
675 2526 793 2586 Tarraci

229 2760 311 2784 A
