1614 3300
173 107 563 158 rutrrucrtrc.vrrt.
614 106 670 164 213

77 195 123 252 riis
137 190 225 250 futur-r
240 190 367 265 effugilse.
393 212 452 248 nuru
467 188 541 247 {ituri
555 191 563 220 ‘
577 192 672 250 durare

77 281 86 311 ‘
101 284 129 335 iu
143 286 191 335 ltu:
205 277 341 339 uertiffuui
356 275 450 335 surculi
466 280 533 341 luce,
553 297 582 333 ac
599 283 672 353 prinn

80 365 89 394 ‘
101 368 123 421 ci
129 385 189 440 pem
210 370 229 420 Γ
233 363 352 437 tujanum
364 365 464 433 videre,
477 366 482 384 ¹
495 365 607 437 augurio
621 384 671 419 voa

77 449 166 526 risque
177 449 248 526 apud
264 448 369 506 nostras
389 468 465 507 aures
477 450 670 506 ominabrturt

76 531 259 594 irafestiuatae
272 537 369 592 mortis
376 534 480 612 grande
493 531 618 592 solatium
628 548 672 592 tu·

74 622 128 695 lit,
151 619 256 680 evafiffe
278 619 442 698 postremum
464 619 531 679 illud
550 635 672 699 tempus,

74 728 133 788 quo
148 709 324 767 Domitianus
334 707 456 783 nonjam
469 707 672 785 perintervalla

74 814 106 852 ac
117 792 280 873 spiramenta
293 810 460 867 temporum,
478 790 521 852 sed
534 795 671 851 continuo

73 893 102 938 et
114 879 255 937 velutuno
268 881 322 935 istu
335 877 529 955 rempublicam
537 877 669 938 exhausit.

30 988 43 1017 .·
54 969 144 1041 5N0n
162 961 233 1020 vidit
253 963 383 1038 Agricola
399 960 528 1022 obfusam
546 966 670 1038 curiam,

73 1064 102 1108 et
122 1046 239 1107 clausum
259 1049 341 1105 armis
363 1048 502 1120 senatum,
528 1064 556 1107 et
576 1049 671 1109 eadem

73 1132 161 1210 strage
173 1148 216 1191 tor
228 1131 410 1195 consularium
418 1134 524 1207 caedes,
539 1150 581 1195 tot
590 1136 671 1196 nobi*

71 1221 230 1280 liffiurarum
250 1217 412 1280 seminarum
431 1219 522 1280 exfiiia
539 1237 567 1278 et
580 1220 669 1298 fugas.

71 1307 229 1366 unaadbuc
248 1308 362 1366 vitioria
376 1313 462 1365 Carus
485 1308 585 1365 Metius
605 1329 672 1367 cen-

72 1390 188 1459 sebatur,
199 1408 227 1450 et
235 1393 307 1449 intra
317 1392 451 1451 Albanam
460 1392 553 1451 villam
563 1391 671 1452 senten·

71 1480 112 1537 tia
130 1474 263 1535 Messalini
275 1473 417 1555 strepebat,
430 1492 458 1535 et
472 1475 555 1534 Massa
571 1479 670 1538 Bebius

67 1564 127 1640 jam
139 1576 196 1620 tum
209 1581 272 1620 reus
283 1578 353 1621 erat.
376 1583 443 1622 mox
454 1561 560 1621 nostrae
569 1562 671 1623 duxere

69 1645 232 1708 Helvidium
259 1649 288 1707 in
313 1668 447 1708 carcerem
472 1668 589 1708 manus:
615 1669 671 1709 nor

70 1731 514 1814 Maurici,Rusticiquerimemur
524 1736 670 1795 innocenti
703 1735 705 1740 ’

69 1818 201 1896 sanguiue
212 1822 325 1879 Senecio
338 1820 466 1899 perfudit.
494 1827 568 1879 Nero
578 1836 670 1881 tamen

69 1896 206 1964 subtraxit
218 1906 331 1979 oculos3
345 1907 475 1987 jussitque
487 1903 596 1981 scelera,
610 1926 670 1967 non

69 1989 215 2069 spetiavit:
234 1994 377 2069 praecipua
389 1992 437 2051 sub
447 1993 671 2052 Domitianomi·

68 2074 670 2155 seriarumpurserat,videreetaspicircutrr

69 2158 181 2238 suspiria
192 2157 283 2218 nostra
292 2158 538 2222 subscribereutur:
555 2162 670 2223 cumde*

68 2244 203 2306 notandis
218 2261 261 2304 tot
273 2248 418 2307 hominum
434 2246 582 2326 palloribus
599 2246 670 2308 suffi-

67 2347 143 2392 ceret
160 2331 254 2392 saevus
266 2331 312 2390 ilie
323 2334 417 2392 vuitus
430 2346 460 2391 et
478 2332 536 2389 rubr
546 2346 570 2399 r,
586 2353 671 2414 aquo

67 2417 95 2481 se
109 2433 209 2482 contra
228 2416 362 2500 pudorem
378 2419 528 2483 muniebat.
557 2431 588 2478 tu
603 2439 688 2493 vero,
715 2474 725 2515 ·.
