1614 3300
232 425 449 471 brunove.
583 424 642 486 229

56 530 167 591 quoque
183 511 308 588 corporis
317 522 500 587 contemptus,
513 526 561 587 per-
571 511 643 569 mul·

56 598 170 672 rosjam
186 615 276 653 annos
291 591 650 674 porenriffimisuntciviraq

57 683 103 751 ris,
114 702 145 738 ac
153 679 240 738 donec
248 680 328 739 libuit
335 681 472 759 principes
480 678 550 749 fori3
567 698 643 740 nuuc

57 767 230 848 principesin
243 762 362 824 Caesaris
373 766 500 833 amicitia,
513 763 643 840 aguntfe·

56 869 175 931 runrque
185 856 300 911 cunila:
315 866 396 930 atque
407 852 440 910 ab
451 849 509 929 ipso
520 852 645 930 principe

55 957 118 995 cum
127 938 242 1017 quadarn
251 939 399 996 reverentia
407 936 567 1013 diliguntur.
580 937 644 1016 quia

55 1022 231 1102 Vespafianus
242 1020 527 1082 venerabilissenexet
538 1022 645 1101 patien-

56 1107 644 1187 riffimusveri‚bcneinteiligir,ceteroaqui·

56 1192 118 1250 dem
129 1196 231 1252 amicos
243 1192 306 1252 suos
324 1194 377 1251 niti
392 1193 441 1266 iis,
458 1211 528 1272 qnae
541 1193 576 1251 ab
586 1190 644 1271 ipso

57 1279 223 1353 acceperint,
234 1297 356 1357 quaeque
366 1276 414 1356 ipfi
424 1276 605 1352 accumulare,
615 1294 644 1337 et

57 1366 86 1421 in
95 1362 162 1420 alios
178 1384 324 1437 congerere
333 1378 488 1442 promptum
499 1362 551 1423 esta
568 1368 643 1424 Mar·

56 1449 154 1508 cellum
168 1467 258 1508 aurem
276 1465 303 1509 er
316 1447 454 1526 Crispum,
475 1446 588 1508 attulisse
607 1450 641 1510 ad

56 1535 201 1594 amicitiam
214 1537 285 1596 suam
294 1579 305 1610 ‚
323 1533 397 1614 quod
410 1556 468 1595 non
487 1555 503 1593 a
518 1537 643 1617 principe

55 1623 219 1699 acceperint,
230 1642 281 1681 nec
291 1624 377 1700 accipi
388 1620 475 1700 poffir.
498 1623 642 1682 minimum

55 1709 128 1766 inter
141 1722 182 1764 rot
193 1706 406 1767 actantalocum
414 1709 540 1766 obtinent
549 1709 644 1784 imagi·

56 1811 118 1862 nea,
128 1812 160 1849 ac
173 1792 244 1849 tituli
254 1806 281 1849 er
292 1791 389 1852 statuae
402 1812 472 1870 quae
482 1781 576 1872 aeqire
586 1792 644 1872 ipsa

56 1894 146 1936 rameri
160 1876 348 1953 negligunturr
368 1893 423 1937 ram
441 1878 548 1938 hercule
558 1897 643 1959 quam

54 1963 167 2022 divitiae
180 1978 208 2022 et
218 1982 304 2041 opes,
321 1983 389 2044 quas
404 1963 508 2024 facilius
518 1965 642 2024 invenies

56 2050 257 2128 quivituperet‚
270 2068 352 2127 quam
360 2047 486 2108 fastidiat.
509 2051 642 2127 hisigitur

54 2151 82 2192 et
88 2137 251 2209 honoribus,
266 2137 479 2209 erornarnentis,
491 2150 520 2194 et
528 2134 642 2196 faculta-

55 2221 139 2290 tibus,
158 2219 267 2278 refertae
282 2217 380 2279 domoc
395 2239 489 2280 eorum
504 2221 642 2296 videmus,

55 2306 104 2382 qui
113 2301 138 2362 se
149 2305 183 2365 ab
192 2307 302 2363 ineunte
309 2304 488 2364 adolescentia
498 2304 642 2367 cauffisfo-

55 2387 176 2447 reniibua
197 2406 224 2448 et
244 2392 369 2451 oratorio
390 2388 476 2449 studio
497 2388 640 2453 dederunt.

34 2479 130 2554 9Nam
142 2476 261 2533 carmina
275 2490 303 2534 et
320 2474 423 2543 versus,
438 2475 537 2553 quibua
552 2490 642 2538 totam

54 2562 139 2618 viram
149 2558 428 2619 Maternusinsumere
435 2575 514 2638 optat
524 2557 603 2630 (inde
613 2584 643 2623 e·

37 2650 39 2655 ’
55 2647 113 2707 nim
126 2647 218 2704 ornnis
229 2646 308 2704 fluxit
316 2648 421 2719 orario)
429 2664 518 2725 neque
524 2644 643 2722 dignita·

56 2729 645 2810 rem,ullamauaoribussuirconciliant,ne·

700 2874 765 3173 i
