1656 3354
125 220 183 281 242
252 218 580 262 nunnuroarnua

122 307 263 366 ‘maxime
270 303 318 380 esi,
332 302 436 366 rursum
451 302 567 379 exfisser,
580 303 656 387 isque
663 327 714 368 un·

120 393 196 453 ‘nna
214 396 312 452 horum
334 410 406 471 quoa
425 412 556 452 vocamus
576 412 713 455 annorum

120 481 130 514 ‘
143 489 199 541 XII
211 482 412 539 MDCCCLIV
426 478 653 557 complectitur?
668 481 730 567 in·⁸

118 564 389 647 cipitDemosihenes
404 562 491 624 uester
504 585 586 644 quem
599 585 652 626 voa
665 587 712 628 ve·

119 670 205 714 terem
214 669 242 712 et
256 653 402 731 antiquum
413 648 533 728 fingitis,
552 669 612 711 non
624 651 712 713 solum

118 757 194 801 anuo
233 757 270 799 uo
288 758 341 799 nos
348 780 359 813 ,
374 737 418 797 sed
436 737 492 796 fere
506 736 605 799 eodem
619 737 713 801 mense

116 760 236 886 enbitis
247 869 255 885 .
297 821 743 900 sedrrmseoadmrinoaoran·

116 928 203 988 tores,
214 914 245 972 in
256 913 356 992 quibus
363 927 423 970 uon
431 912 592 970 Menenium
600 927 632 971 ut
642 926 712 992 puto

117 1002 278 1080 Agrippam,
295 1000 345 1077 qui
361 993 450 1076 ‘potest
462 996 550 1057 videri
565 1000 714 1076 antiquus,-

116 1085 274 1147 nossrorum
293 1099 446 1161 temporum
465 1080 572 1142 disertis
593 1101 711 1167 antepo-

116 1191 182 1233 nere
192 1171 298 1232 soletis:
318 1170 362 1230 sed
374 1171 548 1244 Ciceronem,
566 1171 711 1233 etcaesa-

116 1278 183 1328 κω,
192 1273 220 1318 et
228 1255 401 1330 Coelium,et
409 1252 536 1331 Calvum,
546 1271 575 1315 et
584 1262 709 1334 Brutum,

114 1361 143 1406 er
156 1343 290 1418 Asinium,
302 1357 331 1403 et
339 1340 503 1413 Messallam
515 1361 588 1423 qnos
597 1345 709 1423 quidem

115 1451 164 1493 cur
174 1433 296 1510 antiquis
315 1430 483 1508 temporibus
496 1431 589 1508 potius
607 1429 709 1491 adscri-

112 1520 183 1579 batis
195 1537 278 1596 quarn
290 1515 400 1587 nostris,
412 1536 471 1574 non
485 1514 583 1586 video;
600 1532 709 1579 namot

112 1606 147 1666 de
164 1606 297 1664 Cicerone
308 1601 366 1682 ipso
378 1603 487 1680 loquar,
500 1603 595 1660 Hirtio
608 1623 708 1684 nempe

111 1708 140 1751 et
149 1688 232 1750 Pansa
244 1687 410 1757 consulibus,
425 1703 456 1746 ut
470 1690 543 1747 Tiro
555 1689 707 1750 sibertune·

107 1781 156 1856 jus
172 1775 282 1855 scripsit,
298 1783 354 1835 Vll
370 1776 435 1835 Idus
449 1776 578 1834 Decemb.
599 1776 707 1839 occisuu

111 1863 159 1937 est,
176 1884 232 1941 quo
242 1881 315 1921 anno
326 1863 406 1920 divus
420 1858 555 1938 Augustus
569 1862 705 1925 inlocum

110 1949 210 2009 Pansae
225 1965 253 2007 et
265 1950 348 2007 Hirtii
365 1947 391 2005 se
409 1963 437 2006 ct
450 1952 486 2022 Q.
504 1947 616 2006 Pedium
627 1969 702 2011 cona.

110 2033 229 2106 suffeci13
244 2034 327 2093 statue
338 2037 390 2094 VI.
401 2051 427 2093 et
437 2039 471 2092 L.
485 2053 587 2106 annos,
603 2037 705 2113 quibua

108 2118 406 2198 mondivusAugustus
416 2119 608 2195 rempublicam
616 2124 698 2182 rexin

108 2209 195 2287 adjice
209 2209 316 2267 Tiberii
334 2223 387 2266 tres
398 2223 426 2265 et
443 2207 559 2284 viginti,
577 2222 605 2265 et
617 2228 702 2288 prope

104 2294 317 2375 quadriennium
326 2296 396 2367 Caii,
407 2314 437 2352 ac
447 2295 489 2352 bis
498 2308 646 2370 quaternos
654 2294 701 2354 de·
716 2303 722 2315 '

107 2401 162 2441 noa
177 2379 283 2438 Claudii
301 2397 329 2440 et
347 2381 467 2440 Neronis
486 2397 597 2451 annos,
616 2396 699 2459 atque

107 2464 194 2546 ipsum
207 2467 310 2526 Galbae
322 2484 349 2526 et
364 2468 497 2539 Othonis,
509 2481 538 2526 et
549 2467 656 2526 Vitellii
667 2487 698 2526 u·

101 2569 298 2632 bumannum,
316 2577 349 2618 ac
360 2553 462 2629 sextam
474 2553 533 2636 jam
541 2551 631 2616 seiicic
646 2557 696 2615 bu·
