1614 3300
253 614 471 656 oraaoous.
604 600 660 665 261

74 717 110 758 cx
121 700 247 761 omnibus
257 697 338 756 servis
348 697 506 777 plerumque
517 696 666 776 viliffimus,

74 806 124 844 nec
133 786 260 863 cuiquam
269 780 339 841 serio
348 783 496 843 ministerio
509 803 664 845 accommo-

73 870 172 941 datus;
184 872 283 929 horum
292 868 389 928 fabulis
399 871 570 929 eterroribus
579 872 665 930 tcueci

73 954 160 1014 statim
169 970 199 1014 et
211 954 293 1015 rudes
309 956 394 1015 animi
413 957 585 1016 imbuuntur.
615 977 665 1017 acc

73 1041 217 1121 quisquam
237 1046 265 1102 in
285 1057 344 1101 tota
362 1041 448 1100 domo
470 1041 542 1122 penfi
563 1044 666 1117 habet,

73 1129 139 1209 quid
155 1151 248 1190 coram
261 1129 367 1189 infante
380 1127 507 1204 domiuo,
523 1144 570 1187 aut
580 1128 665 1204 dicat,

72 1231 120 1276 aut
132 1215 230 1276 faciat:
252 1213 365 1293 quaudo
378 1214 460 1273 ctiam
478 1213 526 1294 ipli
539 1232 664 1293 parentes

74 1323 125 1360 nee
138 1303 266 1378 probitati
280 1318 369 1379 acque
380 1298 524 1359 modestiae
536 1301 664 1378 parvulos

73 1385 256 1458 assuefaciunt,
264 1384 307 1442 sed
315 1383 470 1445 lasciviaeet
478 1385 605 1461 libertati,
616 1407 665 1466 per

73 1491 143 1550 quae
162 1471 299 1549 paullatim
318 1472 488 1551 impudentia
506 1473 615 1550 irrepit,
636 1487 664 1532 et

73 1557 113 1617 sui
122 1558 257 1635 alienique
266 1572 449 1636 contemptus.
460 1560 592 1635 jamvero
600 1578 663 1639 pro·

75 1647 133 1722 pria
141 1660 168 1702 et
176 1644 319 1723 peculiaria
327 1644 409 1720 hujus
417 1647 490 1704 urbis
499 1648 567 1705 vitia
575 1666 664 1724 poene

84 1752 103 1790 n
115 1745 192 1791 utero
213 1732 307 1791 matris
319 1732 427 1810 concipi
444 1734 511 1790 mihi
524 1730 664 1808 uidentur,

93 1816 238 1876 istrionalis
249 1816 338 1888 favor,
351 1833 378 1875 et
389 1816 569 1894 gladiatorum
578 1839 663 1897 equo·

96 1902 296 1981 imquestudia3
313 1904 411 1980 quibus
421 1919 569 1981 occupatus
577 1918 604 1961 et
611 1907 662 1962 ob·

101 1985 149 2047 ‘lus
158 1989 266 2046 animus
274 1986 435 2067 quantulum
443 1987 497 2047 loci
507 1989 589 2047 bonis
597 1991 662 2047 arti-

111 2074 281 2151 srelinquit;
303 2088 417 2151 quotum
437 2093 573 2152 quemque
584 2076 659 2133 inve·

119 2161 140 2221 is
156 2161 203 2240 qui
223 2158 297 2218 domi
313 2159 462 2238 quidquam
478 2160 550 2218 aliud
566 2160 662 2238 loqua-

123 2249 132 2305 ?
154 2266 226 2325 quos
245 2246 314 2305 alios
333 2243 594 2305 adolescentulorum
609 2245 661 2306 ser·

130 2354 166 2392 res
185 2334 348 2412 excipimus,
369 2331 515 2413 liquando
527 2331 661 2394 auditoria

137 2420 251 2478 evimus?
277 2441 328 2480 nec
345 2435 534 2497 praeceptores
551 2420 661 2495 quidem

151 2506 299 2564 crebriores
311 2527 372 2564 eum
381 2505 550 2564 auditoribus
561 2503 613 2564 suis
622 2507 660 2565 fa·

158 2592 273 2663 habent3
287 2591 503 2666 colliguntenim
512 2588 660 2668 discipulos

158 2679 279 2736 everitate
293 2674 468 2756 disciplinae,
486 2696 539 2734 nce
557 2677 661 2752 ingenii

165 2759 662 2837 mento,ledambitionesalutantium,

172 2852 245 2910 cbris
256 2847 431 2909 adulationis.
454 2844 561 2905 transeo
575 2849 662 2925 prima

177 2939 229 2996 'um
241 2934 383 3009 elementa,
398 2934 425 2993 iu
440 2932 542 3012 quibus
556 2945 584 2992 ct
599 2873 792 3061 ipis]
