1656 3354
200 589 309 639 turri
329 589 586 651 rotmiro.
632 589 689 645 217

103 673 160 735 tius
173 671 368 750 temporalibus
379 669 513 738 laudibus,
523 685 552 727 et
563 668 583 728 fi
596 688 696 730 natura

105 757 268 838 suppeditet,
283 755 397 814 militum
416 753 583 814 decoramus.
614 756 636 813 ia
648 776 695 814 ve·

106 864 155 905 rus
167 846 258 900 honos
269 883 279 914 ,
297 861 328 899 ea
339 839 547 918 conjunttiffimi
566 838 697 918 cujusque

108 930 207 1008 pietat.
229 925 257 984 id
269 925 339 985 filiae
351 946 463 1004 quoque
474 925 610 1003 uxorique
621 945 698 1003 prae·

108 1014 244 1093 ceperim,
259 1011 293 1071 sic
304 1015 407 1091 patris,
423 1010 457 1070 fic
469 1012 558 1069 mariti
571 1012 698 1068 memori-

109 1120 154 1158 tm
163 1100 296 1167 venerari,
308 1114 339 1157 ut
350 1100 443 1157 omnia
453 1096 521 1154 faeta
535 1095 658 1174 dietaque
669 1117 698 1155 e·

103 1185 153 1264 jus
166 1182 252 1244 secum
261 1184 417 1258 revolvant,
430 1181 582 1259 famamque
590 1202 621 1240 ac
629 1181 698 1260 figu-

107 1290 166 1330 tam
178 1271 262 1328 animi
281 1269 367 1345 magis
385 1288 467 1348 quam
481 1267 604 1344 eorporis
622 1288 699 1326 com·
726 1288 729 1293 ·

108 1355 281 1434 plet'tantur3
308 1373 365 1410 nou
389 1354 454 1431 quia
474 1349 699 1412 intercedendum

110 1455 204 1518 putem
221 1438 384 1513 imaginibus
404 1457 474 1514 quae
497 1456 632 1496 marmore
653 1453 700 1496 aut

110 1544 172 1582 aere
183 1521 340 1599 finguntur:
353 1520 396 1580 sed
405 1538 435 1580 ut
443 1521 536 1586 vultus
544 1525 701 1598 bominum,

111 1611 149 1668 ita
163 1605 400 1667 fimulacravultus
412 1606 544 1666 imbecilla
555 1628 587 1668 ac
598 1623 701 1667 morta·

111 1697 149 1753 lia
160 1691 239 1766 sunt;
261 1693 347 1753 forma
365 1694 465 1752 mentia
477 1710 602 1765 aeterna,
617 1713 701 1772 quant

111 1794 237 1839 teneteet
245 1780 513 1858 exprimerenonper
521 1778 636 1837 alienam
645 1799 700 1839 ma·

112 1868 205 1924 teriam
221 1879 249 1923 et
265 1880 361 1936 artem,
381 1862 424 1922 sed
443 1866 496 1922 tuis
512 1861 567 1943 ipse
580 1867 702 1924 moribus

111 1951 205 2024 possit.
238 1945 371 2027 quidquid
390 1968 428 2006 ex
449 1947 579 2024 Agricola
599 1951 702 2008 amavi-

112 2054 193 2103 mus,
215 2032 347 2112 quidquid
368 2035 459 2092 mirati
478 2032 580 2106 sumus,
598 2051 702 2109 manet,

112 2117 322 2196 mansurumque
340 2117 376 2178 est
390 2119 418 2176 in
432 2118 530 2176 animis
548 2119 701 2194 hominum,

113 2208 144 2266 in
156 2207 315 2265 aeternitate
329 2220 503 2282 temporum,
519 2201 589 2261 sama
599 2224 701 2264 rerum.

115 2311 179 2351 nam
191 2291 292 2349 multos
307 2305 427 2348 veterum
438 2290 513 2348 velut
529 2290 664 2366 inglorios
675 2306 704 2348 et

114 2377 250 2454 ignobiles
265 2375 372 2435 oblivio
382 2377 491 2446 obruet,
504 2374 632 2452 Agricola
641 2373 703 2453 pos·

115 2462 217 2519 tetitati
237 2475 360 2520 narratus
372 2475 402 2521 et
419 2459 554 2539 traditur,
575 2456 703 2542 superstet

116 2561 179 2604 erit.

161 2768 310 2826 Tomiv.
416 2769 443 2823 K
