1614 3300
98 220 159 263 212
204 217 234 261 C.
253 214 639 265 commun-cvm

96 298 187 360 occiso
195 302 289 361 Civica
299 320 397 379 nuper,
409 320 460 358 nec
469 300 622 376 Agricolae
628 322 734 373 com.

95 385 289 455 inundetur,
297 386 717 463 necDomitianoertenrplum,

96 473 223 534 accellere
235 473 346 551 quitiam
364 474 565 549 cogitationum
588 472 705 551 prinei·

95 563 142 637 pis
153 562 243 637 periti,
256 561 302 637 qui
319 554 528 616 ‘iturusaerllet
538 560 567 614 in
576 560 691 635 provin·

99 648 108 675 ‘
121 648 199 703 ciam’
213 645 286 702 ultro
299 643 456 720 Agricolam
467 644 691 719 interrogarentg

98 750 131 787 ac
148 733 237 806 primo
251 731 387 788 occultius
404 729 541 807 ‘quietern
558 743 586 786 et
604 730 694 788 otium

97 813 239 887 ‘laudare,
255 836 322 873 rnox
338 836 449 893 operam
463 812 534 871 suam
548 818 577 871 in
592 834 694 893 appro-

99 897 211 959 ‘handa
222 898 411 959 excusatione'
426 897 540 959 offerte:
559 899 695 977 poliremu

99 1006 157 1043 non
169 986 225 1062 jam
241 984 365 1058 obscuri,
383 985 523 1045 suadentes
543 984 623 1045 fimul
643 1003 696 1045 ter·

99 1070 252 1149 nentesque,
263 1087 418 1149 pertraxere
432 1069 465 1129 ad
481 1073 694 1146 Domitianum
731 1062 735 1073 ¹

99 1160 147 1236 qui
160 1174 267 1237 paratus
275 1157 457 1229 stmulatrone,
468 1160 496 1213 in
508 1161 697 1234 arrogantiam

101 1243 279 1319 compofitus,
291 1260 318 1302 et
330 1245 414 1301 audiit
424 1263 515 1322 preces
528 1242 696 1317 excusantis,

101 1342 129 1385 et
143 1350 204 1389 curn
216 1328 359 1403 annuillet,
377 1333 420 1405 agi
435 1329 480 1389 fibi
491 1329 594 1405 gratias
608 1328 698 1408 pall'ut

101 1412 154 1472 est:
175 1434 227 1474 nec
239 1416 345 1474 erubuit
357 1415 477 1473 beneficii
490 1414 613 1483 invidia3
631 1413 698 1475 sala·

102 1500 174 1559 rium
182 1516 272 1560 tamen
283 1499 466 1579 proconsulari
475 1498 584 1560 solitum
591 1500 697 1571 offerri,

103 1602 131 1644 et
143 1584 300 1665 quibusdam
312 1585 362 1644 ase
372 1586 429 1665 ipso
440 1583 604 1654 concellum,
618 1590 699 1664 Agri·

104 1673 181 1731 colae
192 1693 249 1730 non
261 1671 348 1730 dedit:
367 1671 419 1731 save
430 1669 548 1729 offensus
557 1691 617 1729 non
628 1674 700 1751 peti-

104 1771 174 1829 tum,
187 1756 239 1815 five
248 1777 284 1814 ex
294 1755 471 1829 conscientia,
484 1756 602 1831 nequod
619 1773 697 1816 vetu-

104 1857 162 1899 erat
175 1842 310 1899 videretut
319 1838 419 1898 emilie.
452 1843 594 1919 proprium
605 1844 702 1901 huma·

104 1929 134 1985 ni
143 1926 246 2002 ingenii
254 1923 301 1995 est,
314 1923 399 1983 odille
410 1946 491 2004 quem
501 1923 624 1985 laeserit:
640 1934 703 1987 Dos

104 2013 209 2070 mitiani
218 2029 284 2067 vero
295 2025 389 2067 natura
400 2031 527 2088 praeceps
539 2013 568 2069 in
578 2013 658 2089 iram,
672 2029 705 2073 et

104 2116 162 2175 quo
171 2093 320 2167 obscurior,
332 2115 367 2153 eo
376 2095 591 2169 irrevocabilior,
604 2099 701 2159 mode·

104 2184 213 2240 ratione
231 2197 322 2239 tamen
342 2181 539 2260 prudentiaque
553 2185 701 2259 Agricolae

104 2266 344 2343 leniebatut3quia
352 2288 410 2325 non
418 2270 601 2342 contumacia,
610 2290 704 2348 neque

105 2352 183 2411 inani
203 2354 354 2429 jallatione
372 2354 522 2425 libertatis,
542 2352 641 2413 famam
662 2356 702 2415 sa·

106 2453 219 2515 tumque
233 2440 410 2515 provocabat.
434 2437 517 2495 sciant
530 2439 631 2515 quibus
640 2461 703 2499 rno-

105 2523 144 2587 tis
156 2524 247 2585 illicita
257 2525 361 2602 mitari,
385 2523 459 2605 polle
468 2525 550 2585 etiam
564 2520 612 2585 sub
620 2527 704 2589 malit
