1614 3300
148 209 189 276 82·
238 208 663 278 e.cornatritterrr‘

55 336 70 386 ,·
148 315 386 391 nuntiatejubet‘
400 316 517 376 sufficere
529 317 643 394 imperio
655 311 740 389 legio·

149 401 161 434 ‘
173 421 241 474 nea3
255 400 320 461 socii
329 403 361 462 ad
373 406 466 462 munia
474 406 547 482 pacis
556 401 689 471 redirent,
701 398 740 457 se·

147 486 160 521 ’
172 491 231 548 euri
239 488 446 549 velutconfeeto
457 489 539 562 bello,
554 489 629 567 quod
639 494 740 546 Roma-

151 574 225 634 ‘nae
240 595 338 635 manus
350 574 535 654 excepissent!
559 578 636 632 auxit
648 595 680 633 ea
697 593 740 632 res

149 662 289 720 Gallorum
301 660 476 740 obsequium
499 682 562 719 nam
576 677 683 737 recepta
694 661 740 737 ju·

149 762 272 820 ventute,
285 745 389 806 facilius
399 751 498 806 tributa
506 745 666 814 toleravere,
673 766 741 823 pro·

149 833 240 892 niores
250 833 283 891 ad
293 832 383 892 officia
395 834 470 911 quod
483 831 687 912 spernebantur.
711 846 740 888 at

149 919 248 978 Civilis
260 934 287 978 et
299 919 437 992 Classicus,
456 922 501 978 ubi
515 919 523 950 ‘
537 914 640 998 pulsum
648 923 741 975 Tuto·

150 1004 161 1036 ‘
173 1025 240 1080 tem,
252 1003 340 1065 caesos
351 1012 504 1080 Treveros,
516 1009 611 1064 cundia
619 1004 742 1063 hostibus

148 1096 158 1124 ⁴
170 1092 306 1173 prospeta’
321 1113 464 1171 accepere:
487 1093 584 1172 trepidi
598 1113 629 1150 ac
641 1112 740 1172 prope·

146 1195 251 1252 rantes,
280 1177 345 1238 dum
365 1179 494 1258 dispersas
515 1179 624 1238 suorum
645 1180 740 1256 copias

146 1265 320 1338 conducunt,
334 1268 435 1324 crebris
448 1267 555 1324 interim
565 1267 671 1322 nuntiis
681 1271 739 1321 Va·

145 1351 282 1409 lentinum
292 1371 434 1424 monuere,
451 1351 460 1383 ‘
475 1370 510 1409 ne
522 1349 637 1408 summae
646 1351 682 1405 rei
694 1369 739 1427 pe·

147 1439 157 1469 ‘
169 1438 285 1496 ticulum
296 1436 414 1494 faceret!
435 1457 469 1494 eo
479 1434 598 1514 rapidius
610 1436 740 1513 Cerialis,

50 1590 54 1599 ι
90 1524 96 1534 “
145 1523 226 1582 missis
238 1524 268 1582 in
283 1523 520 1595 Mediomatricos,
546 1524 594 1600 qui
614 1522 740 1581 breviore

145 1609 740 1686 itinetelegionesinhollemverterent,con-

145 1702 233 1756 trotio
253 1697 328 1774 quod
348 1715 404 1755 etat
421 1699 539 1757 militum
561 1698 740 1772 Mogontiaci,

144 1797 332 1861 quantumque
343 1782 431 1843 secum
442 1782 638 1856 transvexerat,
649 1787 740 1842 tertiis

145 1868 237 1928 callais
256 1870 422 1947 Rigodulum
441 1871 529 1949 venit,
553 1890 635 1946 quem
647 1870 739 1929 locum

145 1975 244 2031 magna
261 1962 449 2014 Treverorum
469 1976 551 2014 manu
572 1955 739 2016 Valentinus

144 2040 289 2112 insederat,
315 2044 457 2100 montibus
473 2058 520 2098 aut
537 2041 647 2100 Mosella
659 2063 740 2100 amne

63 2180 66 2184 .
144 2125 267 2207 septum3
288 2127 567 2198 etaddideratfollss,
595 2127 739 2206 obicesque

144 2213 283 2273 saxorum.
308 2214 554 2273 necdeterruereea
565 2218 738 2274 munimenta

146 2306 302 2358 Romanum
316 2301 422 2373 ducem,
445 2322 502 2380 quo
515 2303 605 2360 minus
617 2302 737 2378 peditem

146 2388 447 2464 perrumperejubetet,
469 2390 592 2466 equitum
609 2393 691 2445 aciem
705 2389 737 2446 in

146 2472 243 2531 eolltm
254 2476 379 2547 erigeret,
397 2472 485 2551 spreto
501 2473 584 2543 holle,
604 2493 684 2551 quem
697 2487 737 2528 te·

147 2557 381 2646 merecolledium,
398 2559 692 2639 hauditalocojuvari,
705 2572 738 2618 ut
