1614 3300
93 238 139 324 {40
186 259 596 306 meonmmncm

94 367 142 420 na,
160 362 187 405 et
203 345 408 406 seditiofisfimus
424 343 538 426 quisque
551 347 686 422 ignavusz

95 432 204 513 quidam
220 435 335 496 recentis
344 434 472 492 vimariae
484 450 628 500 memores,
644 451 688 490 re·
730 434 734 441 ’

95 523 180 578 tinere
200 519 302 587 locum,
324 520 405 578 ferire
422 517 537 588 hostem,
560 515 639 595 seque
658 530 686 575 et

93 609 236 685 proximos
249 606 364 664 hortari.
387 620 415 663 et
428 604 608 680 redintegrata
617 603 687 678 acie,

93 712 192 752 manus
201 692 232 749 ad
242 688 358 750 obseffos
368 690 495 749 tenderet
513 691 568 748 ‘ne
578 706 688 770 tempo·

92 777 103 808 ‘
116 780 139 836 ri
148 776 284 836 deessent!
302 778 341 835 illi
350 779 687 836 cunelaemuriscernen·

94 877 146 935 tes,
172 866 301 922 omnibus
323 866 411 942 portis
432 878 626 942 prorumpunt.
655 883 688 923 ac

94 948 166 1008 forte
178 949 275 1008 Civilis
285 947 358 1028 lapsu
367 953 431 1027 equi
441 947 607 1027 prostratus;
628 969 687 1008 cre·

93 1033 612 1129 ditapcrutrumqueexercitumfama,‘
625 1034 688 1094 vul·

95 1123 244 1181 ‘metatum
268 1138 315 1180 aut
336 1121 505 1180 interfefimm
517 1123 540 1192 ,'
568 1123 687 1182 immane

94 1226 226 1288 quantum
245 1207 302 1270 suis
320 1211 439 1287 pavoris,
461 1222 488 1265 et
502 1204 621 1266 hostibus
633 1210 689 1269 ala·

93 1296 197 1354 critatis
214 1293 323 1354 indidit.
355 1292 417 1353 'Sed
437 1292 558 1365 Vocula,
581 1294 729 1362 omiffis35

92 1380 258 1457 fugientium
268 1378 474 1458 tergis,vallum
484 1377 621 1460 turresque
630 1379 687 1442 cas·

94 1481 200 1528 trorum
209 1469 334 1544 augebat,
349 1482 498 1546 ¹tamquam
512 1466 604 1528 rursus
615 1467 688 1530 obfi-

13 1578 18 1588 ·
92 1553 168 1613 dium
176 1555 345 1612 immineret=
369 1569 498 1634 corrupta
512 1555 616 1614 totiens
628 1557 687 1616 vic·

93 1642 175 1708 toria,
196 1661 255 1699 non
265 1637 472 1719 falsosuspestus
483 1641 584 1701 bellum
594 1643 685 1705 malle.

92 1726 161 1784 nihil
174 1746 259 1804 aeque
270 1730 406 1785 exercitus
419 1726 539 1799 nostros,
559 1747 641 1806 quam
656 1750 686 1790 e·

91 1810 175 1890 gestas
184 1814 322 1890 copiarum
330 1811 469 1889 fatigabat.
491 1812 687 1894 impedimentu

92 1898 233 1978 legionum
246 1917 310 1957 cum
323 1898 423 1959 imbeni
436 1903 516 1960 turba
535 1901 686 1966 Novefium

92 1983 177 2056 umisa,
200 1998 231 2042 ut
243 1985 308 2043 inde
320 1985 434 2044 terrestri
447 1988 544 2046 itinere
559 1987 684 2049 frumen·

92 2086 151 2130 tum
159 2069 332 2131 adveherent.
342 2072 528 2136 namflumine
536 2075 624 2136 hostes
634 2097 685 2157 po·

92 2159 239 2218 tiebanmr.
264 2162 383 2236 primum
399 2179 495 2235 agmen
506 2158 626 2222 securum
639 2166 684 2222 in·

92 2243 174 2315 ceffit,
195 2243 318 2302 nondum
340 2242 401 2302 satis
414 2245 493 2305 firmo
509 2246 612 2319 Civile3
634 2253 684 2329 qui

91 2331 138 2390 ubi
149 2330 158 2360 ‘
171 2327 262 2388 rursus
272 2328 364 2389 missos
374 2331 521 2391 Novesmm
532 2331 684 2395 frumenta·

91 2415 101 2447 ‘
115 2413 333 2495 mundatusque
341 2419 369 2474 in
379 2417 536 2496 praefidium
546 2423 686 2499 cohortes,

91 2501 101 2532 ‘
114 2501 189 2559 velut
199 2501 284 2561 multa
296 2523 361 2582 pace
373 2505 487 2582 ingredi'
499 2507 619 2585 accepit;
640 2530 685 2583 taff

87 2606 152 2653 xum
163 2586 236 2671 apud
247 2587 321 2670 figna
332 2588 458 2671 militem,
478 2612 550 2654 arma
561 2595 592 2655 in
606 2597 686 2657 vehi·
