1614 3300
185 532 466 577 ΠΗΤΟΗΑΗΜ
487 533 554 576 ΜΒ.
572 535 604 576 V.
647 530 708 595 105

112 616 146 679 itt
159 618 261 697 quibus
273 620 337 677 urbs
352 633 380 677 et
392 616 520 696 templum
531 618 620 676 dicata
632 615 705 676 sunt.

91 702 214 786 4Moset
227 723 285 780 quo
296 702 343 762 fibi
354 706 384 763 in
397 705 529 784 posterum
542 720 649 778 gentem
661 702 705 760 st'r·

112 806 219 861 marem
243 811 333 848 novos
345 792 424 865 ritus,
443 788 649 866 contrariosque
662 809 707 846 ct·

112 878 183 937 teris
196 876 368 949 mortalibus,
389 876 498 935 indidit.
522 874 635 952 profana
650 874 707 932 illic

115 965 222 1029 omnia,
243 981 312 1039 quae
331 962 402 1040 apud
422 983 474 1020 nos
489 960 575 1019 sacru:
601 959 707 1020 rursum

114 1045 240 1110 conceffa
251 1047 321 1125 apud
331 1050 403 1117 illos,
423 1069 492 1127 quae
507 1050 586 1106 nobis
598 1046 708 1108 incesta.

112 1135 217 1212 effigies
230 1135 364 1205 animulis,
384 1154 441 1212 quo
456 1134 620 1192 monstrante
631 1155 707 1192 erro-

112 1242 172 1281 rem
190 1218 317 1296 sitimque
336 1221 507 1298 depulerant,
526 1220 655 1298 penetrali
668 1220 708 1278 sa·

113 1326 242 1367 cratete:
260 1303 337 1364 caeso
345 1309 437 1378 ariete,
447 1307 521 1364 velut
530 1309 557 1363 in
568 1319 708 1365 contume-

63 1436 67 1441 -
113 1395 181 1453 liam
196 1394 373 1451 Hammonis.
396 1395 447 1450 bus
460 1413 571 1471 quoque
583 1392 708 1449 immola·

114 1497 173 1547 tut,
194 1498 277 1556 quem
295 1481 416 1557 AEgyptii
438 1482 513 1556 Apin
534 1480 639 1536 colunt.
663 1477 708 1535 suu

114 1566 262 1632 abstinent,
282 1567 414 1623 memoria
431 1565 525 1633 cludis,
540 1564 621 1643 'quod
636 1561 708 1641 ipsos

114 1650 217 1712 scabies
226 1649 364 1729 quondum
378 1665 544 1729 turpaverat,
557 1656 600 1708 cui
612 1651 639 1707 id
651 1652 716 1707 ani--

115 1738 172 1799 mal
189 1740 354 1796 obnoxium.
385 1738 497 1814 longam
516 1736 581 1794 olim
597 1735 705 1805 famem,

116 1824 219 1883 crebris
233 1825 318 1881 adhuc
328 1824 442 1900 jejuniis
459 1823 587 1881 fatentur.
610 1837 636 1879 et
648 1842 708 1899 rap·

116 1929 207 1970 tatum
225 1908 334 1985 frugum
352 1925 554 1987 argumentum,
573 1909 647 1984 panis
660 1914 710 1981 Ju-

115 1997 212 2057 daicus
225 1995 305 2054 nullo
317 1995 462 2065 fermento,
479 1997 589 2052 retinet.
611 1991 709 2072 ‘septi-

117 2089 127 2117 ‘
140 2102 187 2142 mo
196 2083 240 2141 die
248 2084 335 2140 otium
349 2080 471 2160 placuisse
481 2082 588 2140 ferunt:
608 2081 670 2158 quia
685 2080 721 2137 is·

117 2170 128 2202 ⁴
143 2167 224 2228 finem
235 2168 469 2236 laborumtulerit,
486 2168 547 2225 dein
557 2167 713 2225 blandiente

117 2256 248 2327 (ἱππεία,
267 2252 409 2330 septimum
423 2275 534 2333 quoque
554 2274 655 2310 anuum
671 2255 722 2329 ig-.

117 2342 238 2400 ‘naviae
250 2339 356 2399 dutum.
380 2340 425 2397 alii
442 2345 575 2397 honorem
591 2361 652 2418 eum
667 2347 713 2397 Sa·

117 2429 128 2461 ‘
141 2444 226 2486 turno
234 2426 343 2484 haberit
369 2425 413 2485 seu
423 2427 560 2502 principia
572 2426 723 2501 religionis-

120 2512 314 2572 ‘tradentibus
329 2511 428 2584 idaeis,
448 2518 723 2588 quoscumSaturuo·

120 2602 130 2632 ‘
143 2596 541 2678 pulsos,t·tconditoresgcutis
551 2600 716 2673 accepimus,

121 2689 130 2719 ‘
145 2684 190 2744 seu
199 2684 298 2762 quode
309 2682 408 2761 septem
418 2682 556 2755 sideribus,
570 2686 631 2759 quis
641 2702 728 2738 mor·-

120 2774 129 2804 ‘
147 2769 214 2829 tules
228 2788 368 2843 reguntur,
388 2768 510 2827 attiffimn
524 2770 588 2824 urbe
602 2785 628 2823 et
642 2788 717 2844 prae·

123 2860 132 2892 ‘
144 2861 224 2938 cipttu
231 2857 353 2936 petentia
363 2854 434 2913 tielia
442 2855 548 2914 aturui
556 2852 673 2915 fetatur-t
685 2874 719 2911 ue

391 2945 413 3001 E
439 2959 453 3015 5
