1614 3300
138 548 181 589 nn
200 542 389 587 moninus
411 542 534 584 nunu.
585 540 641 601 141

65 636 120 705 um,
133 628 298 710 superstitem
306 627 425 707 principi
435 625 481 685 suo
490 648 525 685 ex
534 630 591 687 acie
603 648 645 686 re·

67 715 160 779 ellille.
182 713 419 785 illumdelendere,
431 715 512 787 tueri,
520 712 563 772 l'ua
573 735 644 792 quo·

64 824 110 883 pue
123 802 207 859 fortia
220 798 286 857 falla
302 800 406 876 gloriae
424 800 483 874 ejus
506 800 644 876 affignare,

65 882 484 965 »raecipuumsacramentumeil⁰
509 887 645 964 principes

63 996 105 1033 rro
114 974 227 1032 violaria
236 987 376 1049 pugnent3
389 972 502 1028 comites
511 992 561 1049 pro
569 977 645 1050 prin·

61 1063 122 1141 :ipe.
146 1056 286 1126 licivitas,
306 1058 334 1114 in
349 1076 402 1134 qua
411 1060 464 1113 orti
473 1055 544 1127 sunt,
563 1060 646 1134 longa

59 1166 116 1206 iace
126 1160 153 1203 et
165 1145 226 1201 otio
236 1158 358 1219 torpeat:
380 1141 502 1219 plerique
510 1145 644 1205 nobilium

59 1231 263 1293 idolescentium
271 1230 499 1307 petuntultroeas
507 1232 645 1305 nationes,

59 1338 120 1397 puae
131 1334 190 1375 tum
208 1315 308 1373 bellum
329 1313 441 1391 aliquod
455 1332 565 1388 gerunt,
579 1319 644 1393 quia

60 1420 81 1460 :t
93 1405 201 1477 ingrata
211 1404 282 1478 genti
302 1402 390 1480 quies,
410 1415 437 1456 et
448 1400 553 1458 facilius
571 1403 644 1461 inter

59 1488 185 1566 incipitia
193 1486 347 1553 clarescunt,
365 1507 548 1566 magnumque
558 1490 644 1547 corui·

58 1591 138 1634 utum
150 1594 209 1631 non
221 1573 270 1632 nili
284 1576 310 1631 vi
325 1573 451 1651 belloque
460 1589 550 1634 tueare
558 1598 566 1643 ;
585 1577 644 1635 exi·

57 1662 200 1737 guntenim
209 1659 387 1739 principislui
398 1659 556 1719 liberalitate
566 1662 643 1723 illum

56 1748 208 1807 tellatorem
215 1765 328 1824 equum,
346 1745 420 1804 illam
433 1764 572 1806 cruentam
584 1750 643 1809 vic·

56 1836 202 1910 :ricemque
224 1830 363 1891 frameam.
402 1854 466 1890 nam
488 1833 592 1912 epulae,
614 1850 644 1895 et

57 1936 217 1997 {numquam
229 1920 374 1996 incompti,
396 1919 460 1993 largi
473 1936 575 1992 tamen,
593 1940 642 1997 ap·

57 2016 164 2061 auratus
172 2022 225 2080 pm
236 2003 369 2083 llipendio
387 2006 504 2074 cedunr;
527 2008 643 2064 materia

55 2086 249 2149 nunilicentiac
263 2112 311 2170 per
326 2090 404 2165 bella,
421 2108 449 2150 et
462 2107 565 2169 raptus.
588 2111 643 2152 nec

53 2194 124 2233 trare
133 2188 243 2250 tetram,
255 2193 301 2234 aut
309 2183 448 2256 expectare
458 2200 571 2248 annum,
584 2195 641 2236 tam

53 2260 128 2321 iacile
140 2260 310 2341 persuaseris,
321 2284 402 2341 quam
412 2264 605 2322 vocarcholles
614 2280 642 2321 et

51 2348 160 2407 uulnera
180 2352 293 2419 mereri;
317 2352 424 2427 pigrum
439 2352 594 2427 quinimmo
611 2365 640 2409 et

56 2433 640 2514 ueratvidetursudoteacquirrre,quodpos·

52 2516 224 2597 lassaigniae
233 2540 336 2598 parare.
360 2519 641 2600 Qotieusbellanon

49 2622 155 2679 neunt,
182 2625 240 2665 non
260 2609 376 2665 multum
394 2609 554 2677 venatibus;
579 2607 640 2685 plus

46 2712 90 2771 per
99 2694 191 2751 orium
203 2690 367 2770 transigunt,
383 2694 467 2753 dediti
480 2692 588 2765 somno,
602 2695 640 2751 ci·

45 2778 147 2859 boque.
173 2777 328 2837 lortislrmus
349 2778 463 2859 quisque
480 2802 512 2838 ac
527 2780 639 2839 bellico·
663 2826 669 2843 .

44 2862 157 2929 fiffimus
170 2865 239 2927 nihil
254 2885 349 2944 agens,
368 2867 488 2945 delegata
503 2866 600 2929 domus
612 2882 640 2925 et
