1614 3300
61 173 122 234 140
165 173 579 219 o.coanatttrtctr1

56 256 130 332 quis,
150 255 195 316 uel
215 272 301 330 pater,
325 256 367 315 vel
384 258 558 335 propinquus
571 253 665 322 seura

55 340 212 420 frameaque
221 344 351 420 juvenem
365 356 480 413 ornant,
498 347 563 401 haec
576 344 665 420 apuffl

55 427 119 486 illos
134 443 210 503 toga,
229 432 272 487 hic
284 429 528 507 primusjuventae
539 432 665 492 bonust

55 530 119 573 unte
128 518 181 573 hoc
189 514 288 573 domus
298 536 360 593 pars
369 516 507 586 videntur,
517 535 584 572 mox
598 514 665 571 reis

59 600 190 679 publicae.
224 599 336 677 insignis
349 601 478 659 nobilitas
490 616 536 657 aut
549 620 664 673 magna

55 701 163 764 patrum
172 689 277 757 merita,
286 688 415 765 principis
426 683 611 760 dignationem
619 707 648 744 e·

55 773 121 829 tiam
131 769 336 831 adolescentulis
344 770 483 846 alfignant.
497 770 593 826 ceteris
603 791 647 828 ro-

56 854 218 916 bustioribus
231 878 262 917 ac
271 859 329 935 jam
346 855 451 936 pridem
463 857 587 935 probatis
600 877 648 932 ag·

54 959 197 1021 gregantur
209 965 284 1014 ;·nec
299 944 385 1002 rubor
394 942 467 1000 inter
478 943 592 1000 comites
607 941 648 1000 as-

55 1032 119 1109 pici.
142 1031 241 1105 gradus
253 1031 406 1108 quinetiam
419 1044 453 1088 en
462 1028 517 1108 ipse
533 1030 648 1087 comita-

58 1110 204 1189 tus'habet,
218 1117 325 1194 judicio
337 1117 396 1193 ejus
406 1135 491 1194 quem
498 1113 648 1175 scetantur.

59 1222 212 1280 magnaque
227 1218 254 1261 et
265 1205 397 1262 comitum
410 1201 567 1269 aemulatio,
588 1202 650 1276 qui·

57 1286 651 1368 busprimusapudprincipemsuumlocusr

56 1389 84 1433 et
102 1376 269 1453 principum,
292 1378 336 1435 eui
354 1373 463 1454 plurimi
479 1385 507 1428 et
524 1372 650 1430 acerrimi

55 1462 182 1521 comites.
206 1459 651 1539 haecdignitas,haevires‚mag-

54 1567 94 1608 uo
102 1544 497 1626 sempereleeiorumjuvenum
504 1542 588 1621 globo
596 1545 650 1603 cir·

53 1632 186 1709 cumdari,
203 1635 232 1692 in
242 1635 411 1711 pacedecus,
427 1635 456 1690 in
470 1628 651 1710 bellopraefi·

53 1718 139 1779 dium.
173 1740 224 1778 nee
237 1717 322 1776 solum
336 1721 366 1777 in
380 1717 427 1776 sua
442 1732 524 1791 gente
538 1718 650 1795 cuique,

53 1802 98 1864 fed
120 1803 192 1883 apud
207 1802 338 1862 finitimas
351 1821 464 1881 quoque
476 1804 601 1861 civitates
619 1802 650 1863 id

53 1910 165 1957 nomen,
181 1909 213 1948 ea
224 1888 313 1965 gloria
324 1887 371 1959 est,
390 1887 410 1946 li
421 1908 537 1948 numero
548 1910 579 1948 ac
591 1890 649 1948 vir·

54 1993 112 2037 tute
123 1977 268 2036 comitatus
280 1976 416 2047 emineat3
437 1992 607 2054 expetuntur
619 1996 649 2035 c·

52 2065 110 2123 nim
119 2061 313 2140 legationibus,
331 2077 358 2119 et
371 2063 531 2121 muneribus
542 2081 649 2119 ornan·

52 2164 108 2223 tut,
126 2164 154 2209 et
173 2145 228 2227 ipsa
242 2148 401 2226 plerumque
417 2146 489 2206 fama
501 2145 569 2207 bella
582 2166 648 2225 pro·

53 2237 160 2312 fliganta
205 2240 275 2294 Cum
284 2251 398 2294 ventum
410 2237 440 2292 in
452 2237 548 2305 aciem,
563 2245 666 2311 turpet

53 2322 172 2400 principi
183 2325 288 2380 virtute
299 2323 384 2389 vinci,
410 2336 488 2397 turpe
504 2321 649 2379 comitatui

53 2408 184 2465 uirtutem
194 2409 325 2486 principis
339 2428 396 2465 non
409 2406 566 2483 adaequare.
587 2404 649 2480 jam

55 2490 649 2572 vero-infirmeinomnemvitampaeprobro·

104 2734 115 2761 t
