1614 3300
224 180 281 240 152
319 173 713 221 neonnnnrrnreirr

217 263 279 324 dem
287 260 376 325 adhuc
386 260 520 341 sermone,
533 260 674 338 institutis,
685 282 717 322 m·

216 363 342 425 utantur,
357 351 493 410 incertum
507 346 563 407 est:
587 350 652 426 quia
666 369 715 429 par

216 437 353 517 inopianc
369 434 502 504 lhertatn
516 434 609 495 eadem
625 433 716 494 utrius

214 542 266 603 pae
285 524 360 585 bona
378 521 503 600 malaque
520 537 609 581 erant.
647 527 716 581 Trer

215 611 313 669 Nervii
332 612 404 667 eirca
422 604 620 667 affeeiationem
632 613 716 668 Germ

215 696 333 773 originis
345 694 420 752 ultro
430 691 563 753 ambitiosi
578 691 651 768 sunt,
668 709 716 754 tarr

214 800 263 858 per
270 783 341 839 hanc
350 779 469 858 gloriam
475 776 625 857 sanguinis,
636 779 713 841 afimi

214 886 251 925 ne
266 880 294 925 et
306 867 403 924 inertia
418 865 564 926 Gaiiorum
576 864 716 946 separentn

213 950 268 1013 sam
279 953 369 1014 Rheni
378 950 464 1032 ripam
476 950 549 1012 haud
562 951 642 1012 dubie
654 959 716 1012 Gen

214 1060 275 1100 rum
284 1037 380 1120 populi
390 1037 499 1114 colum,
513 1041 686 1116 Vangiones,
701 1046 716 1100 ‘i

213 1129 251 1203 ci,
262 1132 402 1186 Nemetes.
429 1125 494 1184 Ubii
505 1123 628 1204 quidem,
640 1145 715 1204 quan

213 1217 337 1274 Romana
350 1209 463 1270 colonia
475 1207 527 1269 esse
542 1213 703 1284 meruerint,

213 1300 322 1356 henrius
347 1291 560 1376 Agrippinenses
583 1295 715 1354 condiror

211 1384 325 1444 nomine
337 1396 483 1456 vocentur,
502 1380 608 1457 origine
625 1380 715 1438 erubes

211 1468 361 1547 transgressi
373 1466 450 1543 olim,
461 1479 489 1527 er
497 1467 685 1543 experimento
693 1463 715 1524 fir

209 1575 260 1636 per
271 1552 354 1637 ipsam
365 1555 454 1623 Rheni
465 1554 551 1630 ripam
566 1552 708 1627 collocati,

159 1653 162 1657 '
209 1655 317 1717 cerem,
331 1660 389 1699 non
401 1655 433 1699 ot
447 1639 657 1699 custodiremur.
702 1646 715 1695 (

210 1747 257 1786 um
280 1731 375 1786 harum
398 1728 521 1803 gentium
542 1728 645 1786 virture
666 1747 713 1806 pra

209 1813 317 1887 Batavi,
326 1833 384 1871 non
393 1812 508 1871 multum
517 1832 551 1869 ex
560 1814 629 1890 ripa,
639 1811 714 1872 sedin

208 1900 299 1959 Rheni
316 1897 534 1969 amniacolun13
555 1903 698 1957 Carnorum

208 1984 270 2044 darn
282 1982 412 2062 populna,
428 2001 455 2041 et
469 1980 601 2042 seditione
613 1983 714 2044 domest

208 2090 255 2129 eas
270 2068 344 2129 sedes
363 2064 539 2146 r'r‘ansgressus
549 2111 558 2142 ‚
578 2072 606 2127 in
623 2073 714 2150 quibu:

207 2157 326 2216 Romani
338 2156 444 2233 imperii
456 2152 562 2214 fierem.
593 2173 685 2217 manet
700 2160 714 2216 h

207 2257 236 2300 et
251 2243 380 2321 antiquae
391 2238 528 2299 societatis
543 2239 662 2319 infigne3
675 2265 714 2302 na

207 2328 318 2387 triburin
328 2340 558 2399 contemnuntur,
574 2347 625 2387 nec
640 2330 714 2408 publi

55 2418 60 2425 “
159 2459 164 2468 .
206 2414 313 2483 nterim
329 2413 449 2490 exempti
462 2414 590 2472 oneribus
602 2428 629 2471 er
644 2414 713 2474 eolla

206 2499 270 2576 bne,
284 2512 312 2557 er
328 2512 436 2558 tantum
448 2499 477 2558 in
490 2496 566 2558 nsum
579 2501 714 2578 proeliorn
