1656 3354
18 39 287 55 Wr—

115 234 175 306 276
242 253 572 299 neonrnonrnus

98 375 101 383 ,
114 333 197 409 Milo,
211 349 239 393 et
255 343 367 410 Verres,
386 352 415 397 et
426 338 569 398 Antonius
583 339 655 396 hanc
666 337 709 399 illi

114 419 215 480 famam
224 423 473 483 circumdederunt:
488 443 546 484 non
558 425 622 501 quia
634 425 710 484 tenti

114 505 166 568 fuit
179 514 213 566 R.
226 513 257 567 P.
268 509 354 587 malos
365 509 436 568 ferre
449 515 535 585 cives,
554 523 585 567 ut
595 510 709 572 uberem

115 593 149 653 ad
168 594 312 654 dicendum
329 597 470 654 materiam
487 609 608 654 oratores
625 596 709 654 habe·

115 695 194 738 rent:
214 678 269 752 sed,
284 695 316 739 ut
326 678 435 740 subinde
451 680 597 752 admoneo,
613 680 709 758 quaes·

115 767 202 825 tionis
226 767 444 833 meminerimus,
465 763 630 843 sciamusque
652 787 709 827 nos

116 851 151 911 de
160 871 191 909 ea
209 871 237 908 re
250 852 339 930 loqui,
354 870 423 928 quae
434 851 540 911 facilius
551 851 667 911 turbidis
679 868 709 912 et

116 937 248 1014 inquietis
260 939 427 1017 temporibus
445 937 555 998 exstitit.
587 938 650 1016 quis
666 941 708 1018 ig·

116 1039 199 1082 norat
217 1024 311 1082 utilius
329 1043 361 1082 ac
381 1022 477 1082 melius
496 1021 548 1083 elle
558 1023 612 1082 frui
631 1043 708 1102 pace,

116 1129 198 1188 qnam
210 1109 283 1168 bello
295 1109 404 1168 vexari?
418 1109 508 1186 plures
517 1126 606 1169 tamen
616 1111 706 1170 bonor

115 1194 294 1275 proeliatores
305 1194 374 1253 bella
385 1215 465 1274 quam
477 1215 532 1274 pax
543 1194 644 1254 ferunt.
674 1193 707 1254 fi-

115 1282 188 1339 milis
206 1280 378 1359 eloquentiae
396 1283 532 1342 conditio.
564 1300 628 1338 nam
648 1301 706 1358 quo

115 1365 219 1443 saepius
232 1365 334 1425 steterit
353 1380 490 1446 tamquam
502 1369 531 1427 in
550 1367 616 1439 acie,
633 1385 706 1441 quo·

114 1471 170 1530 que
180 1452 273 1531 plures
290 1468 319 1512 et
330 1453 455 1512 intulerit
465 1455 534 1512 idua
546 1467 573 1511 et
592 1470 704 1530 excepe-

115 1541 152 1597 rit
161 1581 170 1612 ,
192 1559 249 1618 quo
265 1540 355 1616 major
367 1538 552 1613 adversarius,
571 1558 605 1597 eo
616 1538 706 1598 aerior

115 1623 706 1704 quipugnassibialperasdesumpserit,tan·

115 1727 147 1770 to
166 1711 248 1769 altior
264 1725 291 1769 et
311 1708 441 1768 excelfior
458 1725 485 1766 et
504 1710 556 1767 illis
578 1711 707 1770 nobilita·

114 1811 160 1854 tus
180 1797 350 1861 criminibus,
370 1797 462 1852 inore
479 1796 623 1854 hominum
638 1799 707 1872 agit,

114 1900 232 1957 quorum
244 1899 274 1937 ea
292 1893 390 1937 nutura
399 1877 436 1936 est
447 1894 478 1936 ut
490 1878 582 1938 secura
600 1883 705 1942 nolint.

112 1963 240 2024 Transeo
255 1964 288 2023 ad
304 1963 420 2023 formam
432 1979 460 2022 et
475 1965 701 2027 consuetudinem
711 1964 749 2038 38

112 2049 502 2127 veterumjudiciorumaquae
510 2049 562 2109 etsi
572 2072 646 2112 nunc
659 2075 707 2132 ap-

112 2141 167 2200 tior
177 2136 214 2195 est
229 2139 291 2195 *ita
302 2140 353 2195 erit
365 2137 532 2215 eloquentia,
548 2151 628 2196 tanto
638 2139 706 2199 illud

111 2222 202 2282 forum
220 2225 306 2299 magis
326 2224 479 2295 exercebat,
501 2224 601 2301 inquo
621 2246 704 2284 nemo

112 2312 187 2366 intra
202 2309 366 2386 paucissimas
384 2311 464 2366 horas
485 2328 610 2386 perorare
623 2332 704 2388 coge·

111 2397 202 2466 batur,
215 2411 242 2451 et
254 2394 352 2452 liberae
363 2393 665 2474 comperendinationes
676 2418 704 2455 e·

113 2494 186 2550 rant,
197 2494 224 2537 et
235 2480 345 2538 modurn
360 2479 466 2539 dicendi
479 2478 523 2537 sibi
535 2478 648 2558 quisquc
661 2481 704 2541 su·

110 2568 211 2640 mebat,
225 2581 388 2627 etrrumerus
398 2587 487 2648 neque
500 2565 603 2628 dierum
613 2588 704 2647 neque
