1656 3354
61 38 807 409 -

254 589 500 632 ὐιηοουε.
633 588 689 640 241

103 665 222 756 perferre
236 673 309 730 hanc
324 669 442 730 nostram
457 688 508 748 pro
520 669 694 747 antiquorum

104 760 187 822 laude
204 755 390 820 concordiam.
419 757 587 828 nonenim,
607 755 698 832 inquit

107 855 194 928 Aper,
209 842 363 903 inauditum
377 857 405 900 er
421 838 591 902 indefensum
608 837 698 898 saecu·

108 933 165 993 lum
177 928 298 990 nostrum
310 931 399 1008 patiar
408 933 458 989 hac
466 926 551 988 vestra
562 923 699 1005 conspira-

108 1020 185 1077 tione
198 1015 332 1076 damnari.
363 1015 407 1074 scd
418 1022 471 1074 hoc
485 1016 603 1095 primum
615 1015 700 1072 inter-

109 1105 212 1183 rogabo
221 1145 231 1177 ,
249 1123 322 1182 quos
333 1104 439 1162 voceris
456 1104 602 1178 antiquos,
618 1119 700 1180 quarn

105 1207 252 1251 oratorum
271 1203 387 1248 aetatem
411 1187 562 1265 fignarione
584 1185 633 1247 ista
653 1187 701 1245 afe-

110 1277 283 1337 terminetis?
301 1295 353 1353 ego
365 1276 437 1333 enim
449 1295 511 1332 cum
530 1272 611 1332 audio
631 1275 703 1333 anri·

111 1383 193 1442 quos,
204 1357 336 1440 quosdam
345 1375 449 1418 veteres
460 1360 562 1419 eroiim
568 1375 650 1418 nator
660 1362 703 1420 in·
766 1420 769 1426 ,

112 1448 224 1524 relligo,
244 1466 276 1505 ac
291 1447 358 1505 mihi
375 1444 516 1505 versantur
531 1462 596 1504 ante
606 1444 704 1506 oculor

110 1532 219 1612 Ulyffer
236 1547 264 1588 et
279 1529 393 1605 Nestor,
410 1552 528 1610 quorum
543 1547 617 1591 aeras
629 1531 706 1591 mille

113 1620 169 1682 fere
182 1623 276 1678 etCG.
287 1619 367 1677 annis
380 1615 512 1678 saeculum
523 1617 643 1678 nostrum
656 1639 705 1677 an·

114 1705 230 1768 recedit:
241 1721 391 1765 vosautem
399 1703 603 1766 Demosthenem
611 1721 638 1764 et
646 1712 706 1786 Hy·

77 1792 84 1810 '
114 1792 234 1874 peridem
255 1791 402 1868 profertis,
425 1812 497 1870 quos
519 1789 581 1850 satis
601 1791 708 1851 constat

116 1880 232 1957 Philippi
244 1893 271 1937 et
283 1877 430 1936 Alexandri
444 1881 612 1956 temporibus
625 1879 707 1937 floru-

116 1963 180 2026 iffez
195 1967 232 2023 ita
241 1979 330 2022 tamen
343 1976 374 2020 ut
387 1966 497 2043 utrique
507 1961 659 2043 superstites
669 1961 708 2022 ὦ

116 2049 187 2112 sent.
212 2070 248 2108 ex
257 2069 313 2128 quo
322 2064 442 2130 apparet,
454 2071 513 2109 non
522 2050 610 2110 multo
619 2049 709 2133 plures

117 2159 201 2220 qnam
214 2141 308 2194 CCCC
325 2156 414 2194 annor
426 2136 550 2196 interesse
561 2139 634 2197 inter
648 2135 710 2197 nos·

117 2239 238 2286 narret
260 2220 452 2282 Demosthenis
473 2239 606 2296 retarm3
633 2223 711 2302 quod

117 2310 235 2391 spatium
257 2310 407 2388 temporis,
432 2307 451 2366 fi
473 2308 507 2367 ad
527 2309 711 2370 infirmitatem

119 2408 266 2475 corporum
285 2395 438 2455 nostrorum
464 2395 583 2470 referas,·
605 2395 713 2457 fortasse

119 2482 233 2560 longum
246 2480 385 2540 videatur:
408 2479 471 2540 fiad
483 2498 607 2540 naturam
621 2481 712 2544 saecu·

119 2569 213 2629 lorum
224 2581 251 2623 et
263 2565 407 2645 reserum
419 2568 500 2645 hujus
508 2566 628 2626 immensr
641 2571 713 2642 aevi,

121 2672 253 2737 perquam
262 2654 355 2726 breve,
367 2670 394 2711 et
404 2654 433 2712 in
443 2656 572 2733 proximo
581 2654 627 2714 est.
650 2673 714 2714 nam

120 2739 153 2817 ss,
168 2739 235 2801 ficut
247 2739 342 2799 Cicero
354 2743 382 2798 in
394 2738 539 2798 Horrensro
552 2739 654 2812 scribit,
671 2742 680 2772 ‘
691 2743 715 2800 is

122 2827 134 2861 ‘
145 2825 183 2888 est
194 2847 308 2903 magnus
319 2842 346 2884 et
355 2847 435 2886 verus
444 2847 545 2901 annus,
557 2827 714 2906 quoradem

123 2911 245 2996 ‘posrtio
266 2913 337 2974 coeli
354 2912 538 2992 fiderumque,
560 2933 632 2993 quae
653 2935 715 2975 cum

169 3005 261 3060 Tora.
277 3020 325 3059 ιν.
459 3005 481 3056 L
