1614 3300
44 2622 64 2761 l

219 255 279 317 ¹90
313 250 716 317 c.eoanaarauacru·r

215 336 322 399 incuria
331 333 376 394 vel
383 331 524 392 tolerantia
531 330 665 410 priorum,
676 330 802 391 bauainai

216 441 362 501 nusquam
369 418 469 479 bellum
478 417 632 476 timebatur.
648 413 692 475 led
700 416 747 475 ubi
756 415 803 477 ael

217 524 260 569 tat
268 507 379 569 advenit
386 507 525 563 contracto
532 503 666 575 exercitu,
677 500 803 565 ‘militau

219 594 265 655 ‘in
272 595 380 672 agmine
387 588 494 649 laudare
502 585 803 666 modestiamssdiajestot

217 682 360 743 ao'e'rcrrer
375 675 435 735 loca
445 673 535 733 castris
544 673 601 752 ipse
607 692 714 752 capere,
727 673 803 735 teiln

219 770 275 824 aria
289 784 322 824 ac
332 759 410 822 filvaa
426 760 482 840 ipse
496 774 684 839 praetentare:
699 775 728 820 et
742 754 803 821 uitii

219 852 330 910 interitu
342 847 415 927 apud
425 846 513 906 hollea
528 848 650 924 quietum
663 846 735 924 pati,
754 866 804 927 qm

218 938 317 998 minua
330 932 425 993 subitis
441 931 595 992 excurlibus
613 931 804 1011 popularetur3

219 1037 303 1101 atque
313 1021 361 1079 ubi
375 1015 439 1078 satia
448 1032 588 1090 terruerat,
603 1017 745 1097 parcendo.
753 1038 804 1077 run

220 1106 264 1168 sua
276 1108 443 1166 irritamenta
458 1105 533 1183 pacit
548 1101 690 1162 ostentaret
712 1104 804 1182 quibu:

221 1195 303 1252 rebar
314 1190 416 1250 multae
425 1191 550 1249 civitates
561 1190 671 1266 quaein
684 1189 763 1249 illurn
771 1189 804 1248 di·

157 1336 164 1347 ,
219 1298 264 1338 em
282 1296 319 1337 ex
333 1295 422 1355 aequo
440 1289 570 1352 egerant,
590 1271 660 1332 datia
675 1272 805 1335 obfidibur

221 1368 288 1424 iram
307 1357 438 1442 posuere,
458 1373 491 1416 et
501 1355 636 1437 praesidiis
647 1358 805 1441 castellisque

221 1445 419 1518 circumdatae,
428 1458 506 1503 tanta
517 1443 624 1502 ratione
640 1465 771 1524 curaque,
784 1469 805 1505 u

222 1533 297 1594 nulla
309 1547 373 1591 anta
385 1532 540 1590 Britanniae
550 1549 624 1588 nova
641 1531 805 1609 paruillacef

222 1615 424 1680 sttatransrerit.
467 1614 805 1695 Sequmahiemasalulier·

223 1707 300 1765 rimis
318 1701 438 1764 confiliia
459 1701 616 1781 absumpta-3
641 1722 763 1781 namque
785 1725 805 1764 u

222 1792 347 1850 homines
357 1785 465 1866 disperii
476 1809 509 1848 ae
523 1788 622 1863 rudes,
639 1806 727 1867 eoque
743 1790 806 1849 bellt

222 1875 323 1949 faciles,
336 1875 421 1952 quieti
434 1889 461 1933 et
471 1874 531 1933 otiu
548 1875 764 1953 pervoluptatea
776 1874 806 1936 al

180 1979 184 2025 ζ
223 1960 389 2021 lirescerent':
409 1960 513 2019 hortari
528 1963 673 2038 privatim,
684 1958 806 2037 adjuvan

180 2092 185 2103 ,
199 2068 202 2077 ¹
224 2046 341 2127 publice,
354 2044 505 2124 attempta,
518 2043 590 2118 fura,
601 2046 700 2105 dornua
710 2046 806 2107 exstuat<

222 2148 311 2199 erent,
327 2129 462 2189 laudando
474 2145 630 2208 promptae,
643 2145 671 2190 et
681 2130 806 2211 calligata·

223 2218 261 2276 do
277 2214 388 2292 segnea3
405 2217 570 2274 ituhonoria
585 2214 746 2290 annulatio,
762 2240 779 2297 p
799 2247 803 2265 ·

223 2302 374 2360 necessitate
384 2316 453 2359 erar.
473 2301 530 2377 jam
541 2301 799 2380 veropriucipurnfi

223 2388 276 2445 lior
289 2385 443 2444 liberalibus
454 2386 556 2443 artibus
567 2386 683 2458 erudire,
695 2402 722 2444 et
735 2388 798 2463 ing

223 2469 267 2528 nia
275 2472 468 2530 Britannorum
477 2468 570 2529 studiis
581 2471 721 2531 Gallorum
733 2488 798 2530 aute

218 2553 303 2638 ferre,
324 2569 356 2618 ut
366 2554 515 2643 qui-tuedo
525 2553 648 2636 linguatu
660 2565 762 2620 Roma·
792 2587 804 2612 ιι
