1614 3300
245 578 614 626 nenontauacaanz·
665 581 723 642 153

133 663 234 746 positi,
246 664 321 724 velut
332 663 384 723 tela
396 677 477 741 atque
486 685 577 738 arma,
591 664 670 730 belsia
681 686 725 725 rc·

90 750 92 754 ’
134 751 290 811 servantur.
324 749 389 809 est
382 771 413 808 ιιι
431 748 526 810 eodem
545 707 677 830 obsequio
695 764 727 810 et

136 837 330 896 Mattiacorum
339 857 416 914 geas.
438 835 552 915 protulit
563 840 637 894 enim
649 856 726 915 mag·
733 873 737 880 ν

135 920 233 981 nitudo
243 922 338 1002 populi
356 925 473 982 Romani
490 922 561 982 ultra
580 925 705 981 Rhenum
711 964 737 995 ,.

134 1007 261 1088 ultraque
269 1026 374 1069 veteres
387 1011 519 1069 terminos
530 1009 638 1089 imperii
646 1028 739 1067 reve*-

131 1096 258 1157 rentiam.
281 1098 320 1155 ita
331 1090 549 1175 sedetinibusque
560 1103 588 1154 in
600 1093 725 1175 suaripaa

131 1199 222 1242 mente
232 1184 380 1260 animoque
387 1179 526 1241 nobiscum
538 1198 636 1259 agunt,
650 1199 723 1242 cete·
764 1190 782 1203 ⁴

131 1289 162 1327 ra
173 1266 271 1328 similes
284 1271 403 1342 Batavis,
417 1265 465 1326 nist
478 1268 552 1345 quod
563 1266 622 1347 ipso
633 1269 725 1328 adhuc

132 1372 220 1414 terrae
232 1353 292 1413 suae
302 1352 362 1413 solo
375 1368 402 1412 et
411 1352 490 1411 coelo
500 1356 587 1413 actius
598 1354 722 1412 animan·

133 1456 189 1499 tur.
210 1440 724 1499 nonnumeraveriminterGermaniae

132 1526 262 1607 populos,
273 1545 438 1605 quamquam
447 1540 523 1585 trans
530 1529 655 1599 Rhenum
664 1533 723 1585 Da·

131 1615 299 1693 nubiumque
310 1609 492 1682 consederint,
511 1633 559 1672 eos
571 1615 619 1693 qui
629 1620 721 1673 Decu-

128 1715 217 1760 mates
229 1718 310 1778 agros
320 1715 460 1780 exercent.
490 1697 634 1760 levissimus
646 1701 720 1778 quis·

130 1808 184 1866 que
196 1787 349 1857 Gallorum,
368 1802 396 1845 et
407 1787 499 1866 inopia
511 1786 610 1862 audax,
623 1787 721 1847 dubiae

130 1871 297 1952 posscssionis
309 1870 395 1931 solum
407 1893 583 1951 occupavere.
606 1894 675 1931 mox
686 1874 721 1931 li·

131 1961 199 2017 mite
211 1961 304 2058 ausim
316 1957 501 2038 promotisque
517 1957 669 2060 praesidiis,
688 1958 722 2017 fi·

131 2064 183 2103 nus
198 2044 317 2120 imperii,
336 2059 363 2103 et
371 2065 434 2123 pars
450 2046 720 2125 provinciaehtben·

87 2147 190 2217 30tur.
235 2129 315 2189 Ultra
332 2134 385 2191 hos
401 2134 492 2190 Catti
485 2133 594 2191 mitium
606 2129 674 2190 sedis
686 2134 721 2191 ab

129 2219 273 2296 Hercynio
284 2214 352 2277 saltu
365 2220 505 2293 inchoant,
519 2237 578 2277 non
587 2220 624 2276 ιιι
632 2216 684 2276 effu
690 2217 722 2276 fia

129 2326 161 2364 ac
169 2304 331 2386 palustribus
340 2304 419 2375 iocis,
432 2320 463 2363 ut
472 2319 576 2363 ceterae
585 2305 722 2377 ciuitates,

128 2395 159 2452 in
176 2412 245 2471 quas
258 2392 404 2450 Germania
419 2388 529 2468 patescit
540 2388 673 2461 31durant
689 2388 721 2448 si·

129 2478 241 2558 quidem
255 2471 337 2536 'colles
347 2518 356 2550 ,
368 2476 553 2555 paulatimque
564 2474 701 2534 rarescunt
712 2494 721 2533 t

129 2582 158 2625 et
170 2562 269 2625 Catina
289 2562 351 2622 suos
369 2560 451 2620 saltus
464 2563 618 2638 Hercynius
633 2560 722 2639 prose·
773 2584 777 2594 ·

129 2652 226 2732 quitur
248 2645 325 2709 final
347 2663 430 2726 atque
453 2647 577 2726 deponit.
610 2646 722 2705 duriora

129 2738 207 2814 genti
217 2754 346 2815 corpora,
360 2732 441 2793 stricti
453 2749 538 2805 attus,
555 2735 649 2793 minax
662 2732 722 2792 vul·

129 2840 189 2899 tua,
202 2837 230 2881 et
241 2822 329 2899 major
338 2821 423 2879 animi
433 2821 523 2897 vigor.
546 2821 662 2881 muitum
676 2819 725 2887 (ut
795 2822 799 2829 '

130 2912 204 2972 inter
223 2911 391 2981 Germanos)
407 2908 523 2968 rationis
540 2927 571 2969 ac
582 2904 704 2971 solertiae
714 2922 734 2965 t.

397 2997 422 3051 G
449 3011 465 3071 ⁵
