1614 3300
98 182 148 260 58,
203 197 602 242 c.coanrrrrrnurrr

95 284 159 361 jam*
167 302 214 363 per
226 303 301 342 anna
312 297 395 361 atque
403 285 473 342 acies
481 284 687 344 exercebantur.

98 388 163 429 nam
172 367 428 450 populusophensts
435 368 610 430 multitudine
620 367 691 428 infe·

99 458 170 526 rior,
181 463 361 515 Garamantas
369 456 518 525 exciverat,
530 471 641 534 gentem
649 455 691 513 in·

100 541 246 617 domitam,
258 557 284 601 et
294 544 366 600 iuter
373 541 483 601 accolas
490 542 644 601 latrociniis
653 539 693 599 fc·

102 628 231 689 eundum.
240 629 312 687 unde
320 643 393 686 artae
399 628 551 706 Leptitanis
561 625 693 701 res,÷late·

103 734 160 793 que
176 713 284 774 uallatis
300 716 384 792 agris,
404 714 476 771 intra
488 713 692 790 moeniatrepi·

104 800 226 874 dabant;
253 800 342 860 donec
361 803 518 858 interuentu
537 799 696 858 cohortium

105 886 273 964 alarumque,
288 885 337 946 suli
350 893 541 962 Garamantes,
562 902 591 944 et
602 904 695 964 recep·

106 987 135 1032 ta
143 975 240 1032 ‘omnis
248 972 357 1051 praeda,
368 969 421 1032 nifi
433 992 514 1050 quam
525 974 588 1050 vagi
597 992 644 1051 per
656 973 697 1029 inz

107 1057 207 1120 recelli
216 1057 372 1135 mapalium,
384 1059 558 1118 ulterioribus
566 1057 696 1117 vendide-

108 1161 183 1205 rant.
212 1183 214 1188 ,
226 1152 267 1203 At
275 1142 439 1221 Vespafiano
455 1143 513 1222 pust
524 1150 692 1203 Cremonen·
701 1159 735 1214 51

108 1227 164 1289 sent
173 1248 302 1310 pugnam,
310 1243 337 1287 et
345 1226 489 1305 prosperos
498 1229 698 1306 undique-nun·-

111 1311 338 1389 rios,·-‘-cecidiffe
346 1312 509 1383 Vitellium,’
519 1313 597 1372 multi
609 1311 699 1389 eujus·

108 1420 166 1480 que
173 1399 280 1459 ordinis
291 1398 348 1477 pari
359 1395 642 1477 audaciafortunaque
657 1401 698 1457 bi-

108 1489 226 1546 bernum
237 1504 313 1544 mare
324 1484 430 1562 aggressa
442 1485 612 1543 nuntiavere.
637 1483 700 1543 ade·

111 1573 264 1649 rantlegati
273 1573 343 1648 regis
353 1570 493 1650 Vologesi,
507 1572 522 1602 ·‘
536 1570 700 1650 quadragin-

111 1657 122 1692 ‘
137 1675 166 1718 ta
176 1661 337 1716 Parthorum
349 1661 470 1736 equitum
479 1659 572 1717 millia'
583 1657 701 1717 offeren-

106 1757 166 1805 tes.
189 1743 361 1821 magnificum
374 1744 526 1823 laetumque
538 1747 621 1803 tantis
633 1743 701 1805 soci·

113 1852 193 1893 urum
213 1831 322 1889 auxiliis
338 1832 446 1905 ambiri,
466 1851 553 1909 neque
569 1831 700 1908 indigere.

110 1920 217 1998 'gratiae
227 1914 367 1994 Vologeso
382 1922 464 1990 auae,
487 1917 702 1998 mandatumque

116 2009 170 2065 ‘ut
181 2001 455 2081 legatoaadsenatum
471 2005 601 2076 mitteret,
616 2021 702 2084 erpa·

112 2091 126 2128 ⁴
137 2089 253 2166 ce'meile
262 2091 359 2148 sciret!
367 2088 543 2168 Vespasianus
552 2093 579 2148 in
588 2091 703 2164 ltaliam,

113 2173 702 2256 resqueurbiaintentusadversameleDomi·

111 2267 191 2325 tiano
200 2265 299 2323 famam
307 2262 419 2338 accipite
437 2262 447 2293 ‘
459 2277 598 2340 tamquam
609 2265 703 2321 termi-

114 2352 126 2383 ⁴
138 2370 190 2409 nos
199 2351 305 2420 aetatis,
329 2346 485 2406 etconcella
497 2346 555 2406 tilio
563 2347 703 2423 egredere·

113 2434 125 2470 ¹
137 2439 202 2495 tur.’
214 2433 487 2511 igiturvalidiffimam
496 2435 632 2492 exercitus
642 2453 703 2508 par·

114 2536 171 2583 tem
179 2525 249 2583 Tito
257 2519 352 2599 tradit,
369 2519 404 2580 ad
413 2522 516 2602 reliqua
524 2517 630 2598 Judaici
642 2519 706 2580 belli
