1614 3300
96 627 139 680 elii
156 626 183 677 in
204 624 350 693 praetorium
367 621 433 675 leni.
463 629 496 677 L.
518 627 656 680 Pisonis'in

97 707 183 757 Africa
191 703 283 753 caedes.
301 702 448 768 Capitolium
461 709 553 753 Rornae
562 706 656 754 restitu-

100 795 167 834 tum.
184 781 287 832 Treveri
299 789 324 830 et
332 780 458 848 Lingones
469 799 481 829 a
491 784 607 832 Romanis
615 784 656 833 de·

100 860 194 917 ficiunt,
212 869 236 908 et
250 855 356 923 reliquae
367 855 461 909 Galliae
476 871 573 909 nutant.
594 860 657 925 ipsae

100 936 207 1004 legiones
221 934 375 1001 cohortesque
389 938 513 985 Romanae
529 953 614 1003 parum
627 939 657 989 fi-

98 1014 150 1071 dae.
163 1025 186 1063 et
199 1031 214 1063 a
226 1011 304 1062 Gallis
317 1014 543 1078 corrumpebantur.
562 1015 658 1067 Vocula

98 1091 253 1143 interficitur.
282 1091 460 1140 sacramentum
483 1093 588 1142 Romani
610 1109 656 1159 pro

39 1183 42 1189 '
97 1168 201 1236 imperio
212 1166 349 1218 Galliarum
360 1168 452 1217 dicunt.
476 1169 539 1219 idem
548 1168 657 1236 legiones

94 1247 190 1305 fecere,
215 1262 276 1313 quae
297 1246 323 1294 in
344 1248 466 1295 veteribus
485 1248 527 1295 diu
545 1246 653 1299 obsessae.

90 1342 143 1375 nee
157 1322 343 1390 Agrippinenses
359 1322 423 1372 ultra
438 1324 544 1380 contari,
561 1327 617 1391 quin
633 1326 656 1375 se

95 1402 228 1454 viiioribus
246 1400 412 1466 adjungerent.
427 1402 561 1466 ‚Lingones
580 1403 655 1453 inter·

96 1497 126 1530 ee
139 1479 278 1545 aSequanis
292 1476 345 1526 susi.
373 1490 397 1528 et
409 1481 509 1535 Romae,
525 1478 656 1545 imperium

97 1555 230 1625 periclitari
244 1554 338 1604 visum:
361 1567 385 1605 et
400 1556 558 1606 Domitianus
569 1557 616 1623 ipse
629 1557 658 1608 ad

97 1636 147 1686 hoc
160 1633 251 1685 bellurn
263 1635 404 1700 accingitur,
415 1651 470 1684 curn
479 1634 604 1683 Muciano.
622 1633 658 1683 le·

98 1713 183 1780 giones
196 1722 310 1779 quattuor
325 1711 403 1761 ssatim
418 1707 563 1776 preemiilae.
589 1710 658 1762 Galli

98 1791 192 1840 intereo
212 1787 363 1838 deliberant:
384 1801 410 1838 et
431 1787 538 1852 pluribus
559 1786 658 1838 liniori-

99 1866 188 1934 busque
198 1882 252 1914 curn
263 1864 376 1915 servitute
385 1881 431 1928 pere
441 1862 540 1928 placuit.
559 1864 657 1916 Petilius

101 1942 205 1994 Cerialis
214 1946 338 1990 Treveros
348 1957 436 2007 magne
445 1957 525 2006 pugna
533 1939 605 2002 vicit3
618 1942 658 1993 de-

100 2021 205 2071 festnres
215 2016 321 2085 plerique
329 2016 358 2066 ad
366 2021 477 2068 Romana
485 2017 550 2086 figna
558 2019 658 2072 rediere.

99 2097 183 2164 paullo
191 2095 241 2162 poll
250 2113 304 2146 acre
315 2097 403 2146 iterum
415 2108 537 2146 certrmen
549 2113 604 2146 cunr
616 2098 659 2148 ci·

101 2161 145 2223 vili
157 2186 181 2224 et
191 2172 287 2222 clauco
297 2192 304 2222 r
323 2175 392 2238 cujus
402 2173 472 2222 initio
480 2174 602 2240 ambiguo,
609 2173 659 2237 lae,

101 2264 141 2303 tus
151 2251 269 2301 Romanis
283 2250 337 2300 finis
351 2251 409 2299 fuit.
428 2249 563 2318 Vespasiani
576 2252 600 2299 in
611 2251 659 2321 Ae7

99 2340 181 2397 gypto
195 2328 265 2385 falla.
282 2340 307 2377 et
322 2328 384 2378 edita
402 2329 431 2376 ab
446 2345 475 2376 eo
490 2327 603 2378 miracula
612 2348 619 2390 ς
639 2328 659 2378 i·

98 2421 197 2473 temque
208 2408 236 2456 de
247 2405 350 2456 oraculis
361 2420 385 2455 et
398 2405 499 2455 sortibus
509 2406 536 2455 ad
547 2408 597 2470 ejus
612 2407 658 2456 lm-

98 2487 205 2552 perium.
229 2486 292 2551 gesta
303 2482 410 2550 illnipso
424 2500 496 2542 anno,
509 2483 578 2550 cujus
591 2493 660 2551 parte

98 2562 221 2631 postremo
232 2559 341 2611 consules

114 2702 190 2749 inu.
211 2697 443 2740 vssrnsrnnus
462 2698 616 2761 neuun,

229 2785 477 2847 urrusrrurus.

324 2971 448 3044 ne,
