1614 3300
192 544 584 591 neuonraosceurr.
633 540 697 613 135

104 630 186 694 sacris
199 629 294 704 adeffe,
313 645 360 689 aut
375 628 520 688 concilium
532 629 603 687 inire
615 629 696 706 iguo·

104 716 292 787 miniosofas3
313 717 444 795 multique
454 713 602 793 superstites
611 714 698 773 bello·

97 823 184 870 vrum,
201 803 337 862 infamiam
349 803 448 882 laqueo
459 801 598 860 finierunt.
644 807 700 860 Re·

105 911 153 966 ges
165 910 199 949 ex
211 889 368 959 nobilitate3
392 887 474 946 duces
486 907 522 945 ex
539 892 642 946 virtute
653 885 697 946 su·

103 992 194 1036 munt.
207 998 260 1035 nec
270 975 493 1054 regibus-infinita
501 989 548 1031 aut
556 974 637 1032 libera
646 992 697 1052 po·

103 1062 199 1133 tellam
226 1080 254 1122 et
272 1062 354 1121 duces
369 1061 495 1138 exemplo
509 1063 599 1135 potius
614 1080 697 1138 quam

103 1151 229 1229 imperio,
245 1149 265 1208 li
277 1151 409 1229 prompti,
422 1145 604 1223 siconspicuie
616 1145 634 1205 fi
648 1168 700 1204 an·

104 1253 132 1295 te
148 1240 232 1294 aciem
248 1249 341 1311 agant,
363 1235 542 1292 admiratione
559 1232 696 1308 praesunt.

106 1339 225 1380 ceterum
246 1342 334 1399 neque
353 1320 579 1391 animadvertere,
608 1338 698 1396 neque

108 1409 226 1477 vincire,
237 1427 323 1485 neque
330 1409 471 1465 verberare
480 1406 590 1482 quidem
600 1403 649 1463 niss
659 1401 701 1462 sa·

108 1491 263 1552 cerdotibur
273 1491 437 1571 permissum:
447 1513 502 1549 non
514 1488 586 1568 quafi
595 1492 623 1548 in
634 1510 699 1570 poe·

106 1600 171 1640 nam
183 1599 234 1639 nec
247 1579 323 1639 ducis
336 1578 418 1656 julla,
438 1578 480 1636 sed
494 1579 568 1636 velut
583 1577 635 1637 deo
648 1582 702 1637 im-

105 1684 229 1746 perante,
254 1687 336 1747 quem
358 1664 445 1724 adelle
459 1666 621 1724 bellantibus
640 1686 700 1725 cre·

106 1752 191 1811 dunt:
210 1752 374 1831 effigiesque,
390 1769 416 1811 er
430 1751 702 1830 fignaquaedrmde·

108 1842 196 1895 traua
204 1837 309 1895 luciain
319 1839 451 1915 proelium
461 1838 702 1915 ferunt.quodque

110 1924 287 2002 praecipuum
305 1922 473 1984 fortitudinis
493 1927 702 1983 incitamentum

111 2006 162 2077 est,
174 2027 232 2066 non
243 2006 325 2083 castra,
337 2032 387 2070 nec
398 2011 510 2070 fortuita
522 2009 705 2084 conglobatio

110 2110 229 2155 turmam
244 2112 420 2158 autcuneum
431 2098 511 2169 facit,
530 2096 572 2155 sed
586 2096 705 2157 familiae

108 2198 137 2242 et
148 2186 387 2263 propinquitatem
411 2202 438 2244 et
453 2188 482 2242 in
503 2186 631 2261 prorumo
644 2185 705 2259 pig·

109 2290 181 2329 nora
198 2270 272 2329 ande
283 2270 447 2330 feminarum
466 2268 585 2328 ululatus
603 2268 704 2337 audiri,

109 2354 184 2415 node
195 2359 303 2433 vagitus
314 2357 476 2427 infantium
496 2359 523 2413 hi
533 2357 633 2434 cuique
645 2352 703 2413 san·

108 2440 213 2503 uiffini
225 2444 312 2511 telles,
322 2446 349 2501 hi
360 2444 472 2501 maximi
484 2440 649 2499 laudatores.
669 2438 704 2499 acl

111 2528 262 2600 mercem
270 2530 406 2605 conjuges
413 2529 523 2587 vulnera
532 2524 640 2584 ferunt:
653 2546 705 2586 nee

111 2610 173 2675 illae
183 2634 337 2687 numerare,
346 2630 394 2674 aut
404 2614 545 2690 exsurgere
556 2612 648 2692 plagas
658 2632 706 2691 pa·

110 2716 192 2761 vent.
215 2700 345 2781 cibosque
356 2718 383 2760 et
393 2703 547 2760 hortamina
556 2702 706 2778 pugnanti·

95 2778 291 2867 lbusgestant.
325 2790 473 2847 Memoriae
481 2785 619 2867 proditur,
627 2783 705 2866 quas-

109 2872 178 2937 dam
195 2877 265 2937 acies
278 2873 420 2947 inclinatae
433 2874 494 2955 jan
508 2888 538 2933 et
550 2873 672 2935 labantes
687 2895 706 2937 n
