1614 3300
175 118 235 178 240
301 115 630 160 nuurnrournur

170 220 230 278 quo
243 198 369 271 vestrum,
383 217 414 258 ut
425 197 526 259 crusiir
540 200 624 276 hujus
638 195 772 258 infinitae

172 286 341 347 differentiae
357 283 489 343 scrutetur
506 305 538 344 ac
557 284 672 357 reddat,
691 302 762 364 quar

171 393 280 433 mecum
298 369 353 451 ipse
374 370 532 449 pierumque
553 372 710 448 conquiro3
734 382 763 427 et

172 459 249 538 quod
260 454 417 537 quibusdam
431 454 528 513 solatio
542 453 592 528 est,
602 456 671 514 mibi
682 468 763 532 unget

172 542 373 623 quaestionem,
393 544 459 619 quia
478 538 558 599 video
573 543 656 598 etiarn
669 539 762 618 Grajit

172 627 309 696 accidisse,
328 642 359 685 ut
376 626 488 701 longius
506 624 572 685 tbfit
585 623 764 686 Aeschine-et
789 624 792 629 ’

173 711 356 772 Demosthene
366 711 488 770 sacerdon
502 708 548 770 isse
558 712 687 785 Niceten,
704 726 732 770 et
745 708 765 769 fi

172 800 237 878 quie
248 795 317 856 nlius
328 795 461 876 Ephesum
477 795 521 856 rel
534 795 683 874 Mitylenae
696 799 765 857 oou'·

172 897 266 943 tentus
281 880 497 942 scholasticorum
511 882 678 941 clamoribus
696 901 765 962 qur·

172 971 227 1042 tit,
245 988 326 1048 quarn
338 967 406 1026 Afer
423 983 470 1026 aut
487 966 634 1027 Africanus
645 985 694 1027 rut
712 988 765 1027 vor

172 1053 221 1135 ipfi
244 1073 260 1113 a
280 1054 414 1112 Cicerone
433 1068 481 1111 aut
500 1051 594 1113 Afinio
615 1052 763 1113 receffistit.

174 1147 318 1217 Magnam,
336 1140 427 1217 inquit
442 1137 597 1211 Secundus,
611 1139 802 1218 etdignem16

172 1231 285 1286 truttatu
297 1224 479 1303 quaestionem
493 1221 614 1283 movistit
636 1222 679 1283 sed
700 1228 764 1305 quit

170 1308 658 1388 eamjustiueexplicavetitquanttu,
672 1310 707 1371 ud
716 1330 764 1371 cu·

169 1396 218 1476 jur
235 1395 366 1455 summam
384 1393 564 1454 eruditionem
579 1410 608 1453 et
626 1394 764 1474 prtessani

170 1483 296 1543 tiffinrutu
307 1482 447 1556 ingenium
459 1499 523 1538 curn
537 1500 649 1558 quoque
667 1498 696 1540 et
708 1504 764 1543 nte·

171 1568 269 1628 ditatio
277 1566 399 1625 acceffit?
410 1580 437 1622 et
447 1563 572 1636 Mess'aiia,
592 1568 764 1641 aperiamin
806 1573 807 1598 i

171 1655 244 1733 quit,
256 1652 439 1728 cogitationes
451 1669 533 1722 meat,
547 1648 565 1707 fi
577 1649 644 1709 illud
656 1656 764 1713 nvobit

172 1754 236 1797 unte
243 1739 430 1814 impetravero,
443 1750 474 1794 ut
482 1756 533 1795 vot
542 1756 653 1814 quoque
661 1735 765 1801 sermo·

171 1843 235 1883 netu
247 1824 320 1880 hunc
331 1818 451 1879 nostrum
461 1821 605 1898 adjuvetis.
630 1843 681 1901 pro
693 1823 765 1884 duo·
803 1836 806 1847 '

172 1911 240 1977 bur,
254 1907 345 1984 inquit
361 1911 511 1978 Maternus,
528 1908 682 1984 promitt03
697 1930 763 1971 narn

171 2007 201 2053 et
210 2013 262 2070 ego
274 2007 302 2050 et
312 1990 450 2050 Secundus
459 1989 639 2070 exsequentur
651 2011 764 2072 purten,

172 2098 240 2159 quas
250 2076 463 2136 intellexerimus
475 2091 502 2134 te
511 2095 569 2135 non
583 2092 639 2137 tam
647 2078 764 2141 omififl'e

172 2185 255 2244 quant
266 2164 347 2223 nobis
357 2160 501 2241 reliquissir.
524 2163 762 2240 Aprumenirnso·

171 2250 227 2310 lere
237 2247 381 2317 diisentire,
395 2263 423 2306 et
436 2262 466 2306 tu
482 2245 572 2326 paullo
584 2262 647 2307 ante
658 2249 762 2326 dixisti,

171 2351 200 2395 et
210 2334 265 2414 ipse
275 2335 339 2395 satit
350 2330 505 2394 manifestus
515 2329 721 2410 estjamdudurn
731 2337 763 2394 in

171 2424 341 2484 contrarium
355 2420 478 2499 tetingi;
496 2435 548 2479 nee
557 2436 648 2500 nequo
667 2421 763 2481 animo
