1614 3300
148 508 442 549 utstontnttunt
462 511 569 554 arm.
611 512 670 576 115

76 588 243 651 cedentium.
263 610 335 670 quae
344 593 422 670 pauci
431 594 460 650 in
468 609 570 655 metum
580 599 671 654 trabe·

72 679 159 736 bant:
185 677 308 756 pluribus
324 677 457 756 persuasro
476 684 574 755 inerat,
598 687 676 742 anti·.

72 766 136 842 quis
146 763 417 825 sacerdotnmlitteris
427 768 575 840 contineri,
584 790 618 826 eo
626 772 666 847 ip·

71 849 103 909 so
115 866 239 929 tempore
254 852 328 925 fore,
351 868 382 911 ut
401 851 544 913 valesceret
557 856 668 929 Oriens,

71 935 244 1017 profectique
260 939 362 1013 Judaca
377 957 467 998 rerum
483 942 643 1020 potirentur
652 965 662 1014 ;

70 1043 142 1102 quae
160 1026 284 1099 ambages
305 1021 496 1103 Vespafianum
515 1047 547 1085 ac
566 1029 665 1089 Titum

67 1109 272 1189 praedixerant.
295 1109 339 1169 sed
352 1111 462 1187 vulgus,
481 1132 558 1172 more
570 1117 665 1173 buma-

67 1216 120 1255 nae
132 1194 281 1275 cupidinis,
294 1195 340 1256 fibi
348 1212 452 1256 tantam
460 1198 578 1258 satorum
589 1221 664 1277 mag·

67 1281 222 1341 nitudinem
236 1285 418 1362 interpretati,
434 1304 470 1344 ne
477 1283 594 1345 adversas
603 1289 665 1364 qui·

67 1370 130 1429 dem
139 1369 439 1430 adveramutabantut.
460 1371 663 1432 multitudinem

68 1453 237 1515 obsessorum
248 1458 341 1515 omnis
353 1459 460 1531 aetatis,
472 1457 551 1516 virile
563 1479 594 1519 ac
602 1479 663 1517 mu·

65 1541 150 1601 liebre
161 1538 253 1614 sexus,
269 1541 394 1602 sexcenta
407 1545 490 1603 millia
501 1542 577 1603 fuiffe
585 1566 662 1605 acce·

64 1629 169 1706 pimus.
190 1631 389 1703 armarundiis,
400 1630 659 1709 quifetrepoisent3

64 1730 95 1773 et
105 1713 208 1792 plures,
223 1736 304 1794 qnam
313 1738 365 1795 pro
373 1738 499 1786 numero,
512 1716 658 1779 audebant.

64 1798 212 1862 obstinatio
232 1804 299 1862 viris
319 1802 481 1882 feminisque
500 1824 564 1882 part
588 1804 660 1864 acst

63 1886 214 1947 transferre
227 1886 303 1949 sedes
315 1906 487 1966 cogerentur,
512 1890 600 1965 major
618 1892 660 1951 vi·

64 1990 113 2033 tae
126 1990 301 2056 nactusquam
315 1978 424 2035 mortis.
447 1978 518 2035 hanc
530 1973 659 2035 adversus

62 2062 160 2121 urbem
167 2080 335 2141 gentemque
342 2061 435 2120 Caesar
443 2063 540 2135 Titus,
548 2062 660 2139 quando

62 2150 183 2227 impetus
197 2165 225 2208 et
239 2146 326 2208 subita
346 2148 409 2208 belli
425 2150 501 2206 locus
517 2151 658 2223 abnueret,

62 2235 207 2313 aggeribus
216 2233 353 2314 vineisque
363 2250 464 2295 certare
471 2233 572 2294 statuit.
588 2237 659 2295 divi-

63 2320 174 2381 duntur
181 2319 336 2397 legionibus
345 2324 448 2394 munia,
459 2336 487 2379 et
494 2324 570 2399 quies
580 2342 659 2399 prae·

61 2406 168 2468 liorutn
178 2405 247 2467 fuit:
269 2406 660 2484 doneccundiaexpugnandis

60 2494 180 2553 urbibus
192 2511 299 2572 reperta
308 2495 378 2574 apud
390 2509 506 2563 veteres,
517 2493 659 2551 autnovis

20 2581 203 2663 reingeniis,
223 2581 396 2640 struerentur.
442 2587 478 2638 At
491 2576 587 2636 Civilis
600 2577 659 2657 post

58 2668 165 2729 maiam
185 2669 214 2725 in
228 2673 358 2726 Treveris
377 2686 508 2744 pugnam,
534 2679 659 2743 reparato

59 2774 112 2834 per
123 2756 301 2811 Germaniam
317 2755 447 2821 exercitu,
469 2750 541 2829 apud
560 2758 660 2811 Vetera

60 2838 148 2905 casira
161 2838 302 2903 consedit:
324 2852 400 2898 tutus
413 2837 494 2911 loc03
521 2853 549 2897 et
560 2852 658 2902 atme-
