1614 3300
559 35 798 53 ''m-'w

165 254 224 313 244
297 253 342 293 us
360 250 614 295 oraroutsus

162 338 334 418 adquiritur,
355 334 470 397 esndem
484 335 611 397 docerem
624 334 653 394 iu
665 333 756 395 medio

163 422 286 494 suamet
293 416 444 502 propiorem
452 423 534 482 uobis
541 419 758 500 quamSer.Gss·

163 512 231 585 bae,
252 510 436 582 C.Carboui,
462 505 586 587 quosque
597 506 668 566 elios
685 507 757 567 anri·

163 598 523 675 quosmeritovocaremus.
539 590 757 654 suntenimbor·

162 680 226 752 ridi,
238 698 265 742 er
280 681 410 758 impoliti,
422 694 451 739 et
461 679 552 752 rudes,
565 694 594 738 et
602 678 738 740 informes
749 700 758 741 r

162 782 191 825 et
201 787 274 846 quos
286 770 391 826 utinum
407 768 528 826 imitatus
537 785 597 825 nou
614 763 681 825 esset
694 766 757 826 Cal·

161 872 215 912 vus
230 850 315 913 vester
325 866 372 911 sut
385 851 508 925 Coelius,
522 865 568 910 aut
580 849 636 929 ipse
645 852 758 913 Cicero.

161 959 241 1016 egere
252 940 324 998 enim
336 937 436 997 fortius
446 937 505 1015 jam
512 953 539 996 et
551 936 698 997 audentius
708 960 758 999 vo·

161 1025 205 1100 lo,
216 1023 235 1085 st
246 1026 312 1085 illud
323 1039 388 1083 anre
399 1023 571 1102 praedixero,
582 1028 682 1083 mutari
693 1044 758 1087 curu

162 1113 332 1190 temporibus
351 1109 452 1168 formas
471 1125 499 1166 et
517 1128 616 1185 genera
632 1108 756 1172 dicendi.

162 1197 232 1257 ficut
247 1198 346 1256 Catoni
361 1194 417 1255 seni
432 1208 606 1274 comparatus
622 1200 658 1254 C.
672 1202 759 1257 Grsc·

162 1287 232 1343 chus
240 1285 349 1365 plenior
355 1298 381 1341 et
390 1282 512 1348 uberior;
526 1278 562 1340 fic
568 1285 698 1355 Graccho
707 1304 758 1364 po·

163 1368 241 1429 litior
255 1384 283 1429 et
299 1370 422 1442 ornatior
438 1364 564 1425 Crassusr
584 1365 621 1426 sic
638 1382 759 1449 utroque

161 1454 315 1516 distinsiior
326 1470 353 1513 et
364 1456 494 1514 urbanior
506 1468 533 1511 er
544 1452 625 1511 altior
637 1456 758 1517 Ciceros

163 1544 299 1604 Cicerone
306 1544 399 1601 mitior
411 1541 587 1599 Corvinuset
597 1539 717 1617 dulcior,
730 1558 760 1603 et

162 1631 195 1690 in
207 1632 297 1689 verbis
309 1630 394 1704 magis
402 1627 569 1686 elaboratus.
592 1646 643 1687 nec
651 1646 758 1705 quaero

162 1717 226 1794 quis
237 1714 433 1776 disertissimus:
449 1715 503 1770 hoc
515 1713 623 1771 interim
633 1712 758 1791 probasse

162 1816 312 1859 contentus
321 1798 388 1869 sum,
401 1818 458 1856 non
468 1797 518 1856 esse
527 1817 611 1856 unum
621 1798 757 1878 eloquen-

162 1888 218 1946 tiae
235 1885 360 1954 vultum,
384 1884 427 1945 sed
446 1886 474 1941 in
495 1884 549 1943 iliis
561 1905 674 1964 quoque
685 1905 759 1965 quos

163 1973 271 2031 vocatis
283 1973 423 2048 antiquos,
439 1970 530 2048 piures
548 1968 645 2049 species
661 1971 759 2052 depre-

163 2057 264 2129 bendi;
278 2077 330 2116 nec
338 2055 425 2116 statim
434 2055 555 2115 deterius
567 2054 704 2135 essequod
716 2057 758 2119 di·

164 2143 269 2203 versum
278 2143 330 2203 est:
340 2145 411 2202 vitio
420 2157 508 2201 autem
517 2142 697 2220 malignitatis
705 2147 758 2205 hu·

163 2251 259 2291 manae
273 2247 363 2290 vetera
375 2228 474 2307 semper
487 2231 515 2288 in
529 2229 618 2301 laude,
628 2229 756 2310 praeseu-

164 2319 202 2375 tia
213 2316 362 2376 in.fastidio
374 2314 435 2374 esse.
465 2336 533 2375 num
545 2315 701 2376 dubitamus
712 2320 757 2378 in·

163 2418 283 2473 ventos,
304 2405 351 2481 qui
367 2422 418 2483 pro
436 2407 544 2462 Catone
556 2403 674 2481 Appium
684 2408 756 2464 Cae·

164 2509 227 2548 cum
235 2492 321 2566 magis
329 2492 493 2548 mirarentur
502 2489 512 2548 ?
522 2487 696 2550 satiscuusist
703 2512 756 2555 uec

164 2577 292 2637 Ciceroni
306 2575 416 2658 quidem
425 2578 620 2638 obtresiatores
631 2576 756 2658 desuisie,
