1614 3300
111 225 171 288 280
249 241 563 288 utoaarouraus

107 323 338 403 semaecipimua?
352 344 467 404 quarum
474 327 615 386 clvitatum
624 322 696 386 seve·

107 410 205 471 rislima
216 410 375 490 disciplina,
398 426 426 469 et
439 408 611 471 severissimae
624 414 696 489 leget

107 498 263 558 traduntur.
286 517 337 556 nac
350 497 531 557 Macedonum
543 496 654 577 quidem
665 517 696 557 ac

106 583 258 656 Persarum,
274 603 305 643 aa
320 582 513 660 ulliuagentis,
533 602 604 661 quae
619 597 696 643 certo

105 670 221 747 imperio
242 684 374 728 contenta
391 667 486 737 suerit,
508 669 696 747 eloquentiam

104 756 246 814 novimus.
269 754 370 813 Rhodii
380 754 502 833 quidam,
517 753 696 814 Athenienses

104 838 216 919 plurimi
227 857 350 899 oratores
357 839 528 913 exstiterunt,
540 840 612 919 apud
622 861 695 920 quoa

104 926 333 1006 omniapopulus,
345 927 438 985 omnia
447 927 576 1002 imperiti,
588 929 700 1002 omnia,

104 1026 136 1070 ut
146 1011 181 1073 fic
192 1014 320 1086 dixerim,
331 1031 427 1071 omnes
438 1026 575 1090 poteraut.
604 1013 696 1073 nostra

103 1117 216 1176 quoque
226 1099 322 1158 civitas
334 1098 422 1156 donea
436 1098 548 1166 erravit,
562 1097 652 1159 donec
667 1098 695 1158 se

103 1186 226 1262 partibus
237 1200 264 1242 et
279 1181 481 1242 dissenfionibus
492 1226 501 1258 ,
512 1198 539 1241 et
551 1183 693 1244 discordiis

103 1269 232 1338 confecit,
251 1269 338 1328 donec
349 1269 424 1327 nulla
441 1267 493 1327 fuit
509 1271 538 1326 in
551 1268 616 1330 soro
628 1290 692 1351 pax,

102 1355 180 1413 nulla
193 1356 222 1414 in
234 1353 328 1414 senatu
341 1353 498 1427 concordia,
516 1354 591 1418 nulla
603 1359 631 1416 in
645 1358 693 1435 ju·

102 1438 182 1500 diciis
201 1438 361 1515 moderatio,
375 1440 450 1498 nulla
461 1439 630 1520 superiorum
650 1463 692 1502 re-

101 1530 241 1601 verentia,
257 1526 349 1585 nullua
364 1524 563 1602 magistratuum
573 1529 691 1589 modost

101 1613 164 1672 tulit
176 1612 230 1671 stne
241 1614 324 1672 dubio
343 1611 521 1671 valentiorem
537 1614 692 1692 eloquenti-

101 1719 160 1773 am,
179 1698 254 1758 sicuti
272 1699 424 1756 indomitus
440 1719 503 1776 ager
517 1701 596 1760 hahet
613 1699 690 1781 quas-

100 1785 161 1843 dam
171 1787 265 1842 herbas
278 1784 415 1842 laetiores.
437 1784 481 1842 sed
493 1806 546 1844 nec
559 1790 630 1846 tanti
639 1791 691 1846 rei-

100 1871 223 1949 publicae
242 1872 427 1928 Gracchorum
448 1871 607 1948 eloquentia
627 1872 691 1950 fuit,

100 1971 129 2013 ut
139 1956 402 2035 patereturetleges:
418 1957 690 2020 necbonaesormam

98 2042 267 2122 eloquentiae
281 2042 378 2100 Cicero
393 2041 439 2099 tali
458 2043 534 2100 exitu
555 2043 688 2122 pensavit.

98 2130 140 2186 Sic
148 2148 256 2207 quoque
264 2127 338 2206 quod
347 2125 461 2205 superest
471 2130 724 2210 antiquirorato-41

100 2216 183 2286 tibus,
193 2214 281 2272 sorum
291 2234 347 2270 non
355 2213 505 2286 emendare,
514 2216 688 2294 necusquam

98 2301 130 2357 ad
142 2315 235 2358 votum
246 2297 407 2376 compofitae
415 2301 533 2358 civitatis
545 2322 686 2377 argumen-

98 2402 155 2444 tum
168 2383 204 2442 est
215 2385 335 2463 quidem,
354 2387 428 2462 quod
442 2406 524 2444 nemo
537 2407 589 2445 nos
602 2388 687 2450 advo-

98 2485 158 2543 cat,
174 2469 221 2529 nist
241 2486 288 2528 aut
307 2491 411 2529 nocens
430 2486 478 2529 aut
496 2473 593 2546 miser;
610 2477 687 2554 quod

97 2558 274 2636 ruunicipium
287 2558 315 2617 in
328 2559 464 2618 civitatem
473 2557 591 2620 nostram
600 2565 687 2634 veuit,
