1656 3354
230 527 336 577 ruurt
357 525 616 572 susteatet.
661 527 722 585 207

133 620 198 667 enta
208 609 325 667 burnus:
345 623 372 667 et
387 606 536 688 sliqusudu
546 611 628 670 etiarn
643 611 723 670 vistis

127 694 176 753 irs
193 689 349 777 virtusque3
373 693 513 775 postquam
532 691 604 752 iilvis
625 714 724 773 appro-

133 780 316 859 pinquamut,
335 780 457 854 collecti,
473 782 578 861 primos
589 776 726 858 sequenti·

135 885 181 922 um
192 865 318 927 incautus
325 883 353 927 et
360 867 482 927 locorum
490 868 600 944 ignaros
610 866 725 926 circurn-

135 953 293 1013 veniebtnt.
326 954 403 1033 qnod
426 957 454 1012 ui
475 953 604 1032 frequens
624 952 727 1029 ubique

134 1038 276 1116 Agricola,
288 1041 393 1100 vslidas
408 1056 436 1099 et
446 1039 589 1118 expeditus
599 1041 726 1098 cohortes
799 1077 803 1085 ·

134 1125 273 1201 indaginis
282 1127 379 1201 ruodo,
390 1141 418 1185 et
433 1123 516 1185 ficubi
530 1126 630 1185 artiora
638 1140 727 1199 erant,
819 1166 822 1171 Δ

135 1227 239 1292 partem
246 1215 369 1288 equiturn
379 1211 488 1270 dimissis
501 1213 590 1291 equis,
601 1210 677 1270 srmui
685 1231 727 1270 ra·

137 1299 223 1355 riores
233 1295 310 1355 silvas
318 1299 438 1376 equitem
451 1296 596 1375 persultare
607 1295 729 1374 jussisset,

138 1397 279 1461 acceptum
287 1381 398 1462 aliquod
407 1383 506 1442 vulnus
520 1384 687 1462 pernimiam
695 1381 728 1442 fi·

137 1466 245 1527 duriam
256 1466 337 1529 foret.
369 1485 488 1528 ceterum
502 1470 549 1529 ubi
560 1466 728 1549 compositos

136 1554 221 1614 firmis
237 1555 378 1616 ordinibus
391 1555 464 1636 sequi
481 1553 572 1615 rursus
582 1553 684 1628 videre,
697 1555 728 1614 in

137 1641 227 1719 fugam
246 1640 324 1711 vetii,
344 1665 402 1702 non
418 1643 572 1719 agminibus
591 1656 622 1700 ut
642 1642 730 1721 prins,

136 1749 188 1788 nec
199 1730 266 1788 alius
278 1729 360 1789 alium
373 1728 561 1807 resudantes,
573 1727 636 1796 rari,
648 1741 675 1786 et
686 1728 731 1786 vi·

137 1815 251 1874 tabundi
268 1815 396 1886 invicem,
408 1815 563 1894 longinqua
577 1813 732 1890 utquetvia

139 1903 254 1979 petiere;
275 1900 339 1959 finis
356 1897 482 1982 sequendi
503 1919 563 1958 nox
576 1914 605 1958 et
623 1896 730 1957 satietas

138 1986 211 2056 fuitr
232 1984 303 2047 caesa
320 1985 436 2047 hostium
456 1985 491 2046 sd
513 1984 607 2046 decem
626 1984 732 2043 millius
767 2040 771 2047 .

139 2073 293 2134 nostrorum
307 2076 424 2134 trecenti
435 2071 614 2153 quadraginta
627 2070 732 2130 cecide·

137 2181 176 2231 re,
191 2162 293 2241 inquis
306 2159 392 2220 Aulus
406 2162 512 2220 Atticus
524 2156 670 2238 praetenue
681 2177 730 2216 eo·

138 2249 246 2319 horris,
266 2248 383 2326 juvenili
395 2245 493 2306 ardore
505 2261 534 2305 et
549 2244 653 2303 ferocia
666 2244 732 2322 equi

98 2333 265 2410 38hustibus
277 2335 379 2394 illatus.
425 2339 461 2391 Et
474 2350 534 2390 nux
543 2328 655 2408 quidem
665 2349 734 2405 gnu-

139 2419 187 2479 dio
195 2419 423 2498 praedaquelsetu
431 2418 592 2477 vidioribus:
605 2416 733 2474 Britanni

141 2504 265 2586 palantes
282 2507 426 2582 mixtoque
438 2507 562 2562 virorum
573 2500 732 2560 mulierum·

141 2611 196 2670 que
204 2592 320 2669 ploratu,
336 2593 441 2650 trahere
452 2590 622 2660 vulneratus,
635 2606 734 2646 vocare

141 2681 275 2753 integros,
288 2674 406 2736 deserere
417 2676 535 2746 dumos,
556 2695 588 2733 tc
603 2674 734 2752 perirtru

140 2765 215 2823 ultro
227 2763 388 2822 incendere:
403 2765 500 2839 eligere
508 2762 635 2832 latebras,
646 2772 673 2818 et
683 2757 734 2816 stu·

135 2854 190 2913 tint
206 2850 376 2931 relinquere:
391 2848 503 2912 miscere
515 2841 743 2918 {rutenensis-
