1614 3300
32 2686 95 2760 ἰ

138 189 176 240 12
232 190 662 236 &conuertuntur

104 286 117 301 ‘
137 273 256 358 ‘patres
272 278 372 356 avique
392 274 576 336 instituerintt
604 274 737 338 ulteriora

137 358 150 396 ‘
163 364 268 438 mirari,
279 363 429 444 praesentia
437 360 529 443 sequit
546 363 736 444 bonosimpe·

137 452 148 481 ⁸
162 464 266 510 ratores
282 466 353 512 voto
367 466 504 531 expetere,
524 448 738 530 qualescumque

138 535 289 597 'tolerare
323 558 384 598 non
412 538 498 615 magia
528 534 574 594 sua
608 538 738 613 oratione

139 622 151 654 ‘
166 621 326 694 Thraseam,
346 644 428 703 quam
443 623 553 702 judicio
569 621 737 683 senatores·

137 707 149 741 ‘
165 708 279 769 flietun.
303 709 440 770 saevitiam
449 712 572 770 Neronis
584 730 634 791 per
641 706 736 788 hujus·

137 793 150 829 ⁸
165 795 242 855 modi
254 798 385 875 Imagines
400 794 521 868 illufiss'e3
540 798 692 856 necminua
702 793 738 856 fi·

138 886 149 915 ⁴
164 883 193 941 bi
204 885 314 946 anxiam
328 883 407 944 talem
417 886 573 953 amicitiam,
582 903 666 963 quum
675 882 737 942 aliia

138 966 151 1001 ‘
164 967 299 1030 exfilium.
323 970 440 1051 denique
451 970 611 1043 conflantia,
623 969 735 1028 sortitu·

138 1054 240 1131 ‘dine‚
261 1060 414 1117 Catonibus
427 1073 454 1116 et
469 1058 559 1116 Brutis
575 1071 737 1135 aequaretur

137 1141 149 1174 ⁴
163 1142 324 1204 Helvidius:
340 1143 366 1203 se
375 1165 459 1202 uuum
467 1141 519 1202 esse
526 1163 562 1201 ex
570 1142 619 1200 illo
630 1140 735 1215 senatu,

139 1228 151 1261 ‘
166 1228 438 1306 quifimulservierit.
456 1227 656 1288 suadereetiam
666 1226 735 1288 Pris-

137 1314 209 1391 ‘co,
228 1337 263 1376 ne
276 1314 353 1396 supra
368 1317 521 1395 principem
533 1313 684 1391 scanderet,
699 1335 736 1375 ue

139 1402 150 1435 ‘
164 1402 358 1482 Vespasianum
369 1400 458 1460 senem
471 1401 674 1481 triumphalem,
686 1401 734 1478 ju-

138 1494 263 1551 ‘venum
284 1490 432 1550 liberorum
455 1506 559 1568 patrem
581 1490 735 1567 praeceptis

138 1582 148 1608 ⁸
162 1580 311 1637 coerceret.
332 1597 389 1654 quo
399 1575 481 1636 ruodo
493 1577 608 1655 pessimis
619 1577 736 1652 impera·

138 1660 273 1722 ‘toribus
295 1661 351 1721 fine
371 1662 425 1720 fine
446 1662 677 1734 dominationem,
695 1662 736 1721 ita

138 1753 149 1781 ⁸
163 1749 411 1828 quamvisegregiis
420 1747 669 1807 modumlibertatis
677 1747 736 1829 pia·

138 1841 148 1867 ⁶
163 1838 246 1894 cere.’
268 1839 332 1894 haec
347 1836 455 1911 magnis
467 1836 603 1913 utrimque
616 1850 736 1895 conteu-

137 1923 262 1983 tionibua
271 1924 384 2000 jactata,
397 1920 507 1981 diversis
516 1919 609 1981 studiis
618 1923 735 2001 accipie·

136 2011 245 2071 bantur.
272 2011 340 2068 vicit
355 2029 416 2088 pars
436 2029 507 2088 quae
520 2005 610 2067 sortiri
628 2009 735 2085 legatos

136 2095 265 2165 malebat,
280 2099 365 2157 etiam
375 2094 471 2155 mediis
488 2111 594 2174 patrum
604 2097 736 2154 anniten-

136 2184 213 2241 tibus
225 2186 460 2243 retineremorem.
477 2179 734 2261 etsplendidisstmus

138 2267 522 2348 quisqueeodeminclinabat,
531 2287 603 2328 metu
613 2267 737 2326 invidiae

139 2355 159 2414 fi
170 2355 218 2434 ipst
227 2359 400 2434 eligerentur.
422 2365 552 2416 Secutum
563 2352 636 2414 aliud
647 2371 734 2413 certa-
748 2376 768 2401 υ

139 2462 214 2501 men.
231 2461 369 2523 pretores
378 2440 556 2512 aerarii(nam
566 2458 624 2502 tum
635 2459 737 2516 aprae-

140 2529 246 2598 tortbur
256 2531 417 2594 tractabatur
425 2533 570 2608 aerarium)
582 2525 739 2611 ‘publicam
