1614 3300
107 189 151 250 60
222 205 628 250 c.coruur.rrrucrrr

106 288 171 365 lert,
182 290 310 369 equellris
319 291 423 351 ordinis
435 293 536 365 virum,
549 290 593 350 sed
602 292 696 349 audio·

107 375 318 452 ritutefumaque
326 380 398 437 inter
403 397 537 456 proceres.
546 380 580 436 ab
585 397 619 436 eo
627 397 699 435 cou-

107 464 185 521 tredli
202 461 365 542 haruspices,
391 483 533 535 monuere,
560 463 570 494 ‘
587 477 618 521 ut
633 462 698 521 reli-

106 547 117 580 ‘
129 550 210 627 quiae
216 551 318 627 prioris
327 547 431 607 delubri
441 550 469 607 in
482 547 590 626 paludes
599 551 703 606 auehe·

112 634 238 707 ‘teutuq
258 634 388 712 templum
396 632 488 693 iisdem
500 629 697 708 vestigiisfille-

107 718 117 750 ‘
129 733 219 790 retur;
242 719 317 776 nolle
326 719 394 778 deos
405 720 503 778 mutari
514 733 631 776 veterem
640 715 698 776 sor·

107 803 225 863 ‘maru'
246 803 391 864 undecimo
402 803 537 863 kalendas
546 802 645 879 Julius,
658 801 697 860 se·

106 909 172 949 rena
189 889 261 958 luce,
279 887 393 968 spatium
405 910 488 950 omne
504 888 580 969 quod
593 887 699 966 templo

104 974 256 1049 dicebatur,
276 978 415 1037 evinctum
425 978 505 1052 vitris
520 972 695 1054 coronisque.

104 1061 210 1138 ingressi
221 1060 331 1132 milites,
350 1061 640 1140 qulsfaullanomina,
657 1061 697 1119 se-

103 1146 201 1206 licibuu
221 1148 319 1217 ramim
345 1147 408 1206 dein
429 1150 552 1225 virgineo
563 1145 696 1216 Vestales,

103 1253 166 1293 cum
172 1233 263 1313 pueris
270 1230 417 1310 puellisque
423 1234 545 1312 patrimis
552 1228 697 1289 matrimis-

102 1336 167 1397 que,
188 1336 259 1394 aqua
271 1319 337 1375 rivis
349 1315 508 1376 etfontibus
518 1312 699 1392 amnibusque

102 1401 203 1472 hausta,
213 1402 344 1482 perluere.
365 1419 424 1462 rum
434 1400 579 1462 Helvidius
589 1401 699 1459 Priscus

102 1483 223 1570 praetor,
242 1505 388 1568 praeeunte
399 1490 498 1549 Plauto
510 1487 608 1546 Eliano
625 1507 701 1567 pon·

103 1573 183 1645 tifice,
203 1573 313 1634 lullruta
329 1574 555 1635 suovetaurilibus
575 1593 646 1649 area,
669 1587 699 1632 et

101 1657 181 1740 super
189 1659 317 1740 cespitem
330 1662 443 1721 redditis
458 1664 542 1733 extis,
562 1660 701 1736 ‘Jovem,

104 1747 275 1823 ‘Junonenu
284 1749 451 1820 Minervam,
458 1745 639 1825 praefidesque
648 1750 702 1806 im·

103 1831 114 1864 ‘
125 1834 194 1912 perii
206 1831 274 1891 deos
287 1847 413 1909 precatus
426 1833 466 1890 uti
478 1847 577 1910 coepta
588 1831 699 1914 prospe·

98 1917 110 1950 ⁴
123 1933 227 1990 tarent,
240 1916 365 1996 sedesque
375 1915 434 1976 suas
445 1919 545 1996 pietate
555 1920 699 1979 hominum

99 2002 110 2036 ‘
121 2003 277 2069 inchoatas,
284 2002 377 2062 divina
386 2024 439 2082 ope
448 2003 604 2062 attollerent
611 2008 633 2076 ;’
643 2008 700 2064 vit·

99 2104 143 2148 ras
154 2093 217 2168 quls
227 2087 326 2166 ligatur
341 2089 410 2167 lapis
422 2089 658 2168 innexiquesunes
667 2110 699 2148 e·

98 2190 173 2250 rant,
183 2176 312 2250 contigit.
335 2174 694 2250 fimulceterimagistratus‚

98 2276 128 2319 et
139 2259 306 2332 sacerdotes,
323 2276 352 2318 et
371 2258 492 2332 senatus,
507 2277 534 2319 et
550 2281 646 2338 eques,
666 2279 696 2320 et

98 2366 197 2422 magna
219 2366 282 2425 pars
303 2347 410 2423 populi,
429 2345 517 2404 studio
535 2346 696 2424 laetitiaque

101 2433 228 2504 connixi,
240 2429 332 2489 saxum
341 2433 573 2508 ingensrraxeree
590 2430 696 2508 paffim·

104 2515 698 2599 queinjedlaesuudamentisargentiaurique
