1614 3300
130 506 492 551 uraronrarurturn.
510 511 556 550 ιν.
605 510 650 573 93

58 587 154 651 diebus
166 591 311 650 Mucianus
321 592 425 650 Vitellii
438 591 523 651 lilium
534 594 651 656 interfici

54 676 151 755 jubet:
162 676 312 736 mansuram
319 677 479 738 discordiam
486 679 655 756 obtendens,

58 766 90 822 ni
103 761 205 822 semina
221 762 283 831 belli
297 763 467 823 restinxillet.
490 786 579 843 neque
591 775 650 826 An·

58 851 168 910 tunium
181 852 301 909 Primum
315 849 409 910 adsciri
423 852 496 908 inter
507 854 623 910 comites
634 873 650 910 a

57 938 224 996 Domitiano
242 936 329 1015 pallus
340 936 392 1009 «τῆς
422 937 518 996 favore
532 939 650 997 militurn

57 1024 167 1097 anxius,
179 1040 207 1081 et
216 1022 405 1101 superbiarum,
417 1025 570 1100 aequalium
580 1045 651 1103 quo·

56 1129 123 1189 que,
134 1110 203 1168 adeo
212 1108 380 1188 superiorum
389 1111 573 1173 intolerantia.
588 1133 650 1187 pro-

55 1193 384 1276 fectusadVespafiauum
393 1199 544 1270 Antonius,
554 1213 655 1259 utnon-

56 1302 111 1364 pro
123 1280 168 1361 spe
180 1281 225 1340 sua
240 1285 385 1361 excipitur,
406 1285 441 1340 ita
454 1303 543 1360 neque
555 1283 651 1344 averso

56 1371 230 1448 imperatoris
242 1371 344 1428 animo.
359 1370 514 1427 trahebatur
524 1371 552 1426 in
562 1368 650 1430 diver·

56 1452 105 1528 sa;
130 1457 308 1514 hincmetitis
328 1458 453 1528 Antonii,
474 1456 552 1532 cujus
568 1455 649 1516 ductu

56 1540 213 1604 eonfeclum
224 1542 296 1600 haud
308 1541 388 1600 dubie
400 1542 499 1600 bellum
509 1559 583 1614 erat3
605 1545 650 1603 in·

55 1627 92 1689 de
109 1631 232 1688 Muciani
251 1628 386 1706 epistolisr
413 1627 488 1686 fimul
504 1632 599 1704 ceteri,
618 1647 650 1690 ut

56 1713 207 1775 ‘infestum
228 1714 426 1794 tumidumque'
440 1713 649 1786 insectabantur,

55 1802 651 1881 adjunctispriorisvitaecriminibus3neque

56 1885 114 1969 ipse
129 1888 222 1948 deerat
238 1891 394 1966 arrogantia
405 1908 504 1946 vocare
519 1886 659 1961 offensas,

57 1975 163 2034 nimius
172 1973 419 2035 commemorandis
427 1993 498 2051 quae
506 1971 657 2034 meruiller,

56 2061 67 2094 ‘
79 2061 194 2121 allocut
209 2061 342 2133 imbelles,
362 2062 507 2120 Caecinam
523 2075 551 2118 ut
564 2063 651 2138 capti·

56 2147 148 2209 ‘vum
170 2169 202 2208 ae
220 2146 389 2208 dediticium'
408 2149 544 2224 increpat.
577 2146 651 2205 unde

56 2233 651 2315 paulatimleviorviliorquehaberi‚manen·

21 2319 354 2399 lroetameninspeciem
368 2320 497 2379 amicitia.
543 2325 650 2378 Pereos

57 2404 176 2482 menses,
185 2409 285 2488 quibua
297 2404 473 2484 Vespalranus
488 2403 651 2463 Alexandri·

57 2514 91 2553 ae
103 2491 188 2554 statos
204 2492 309 2552 aestivis
321 2494 429 2551 flatibus
444 2491 514 2563 dies,
538 2505 565 2547 et
577 2506 651 2550 certa

57 2579 352 2658 marisopperiebatur,
361 2577 444 2635 multa
452 2574 651 2636 miraculaeve·

58 2686 135 2740 nere,
149 2670 213 2744 quis
225 2663 344 2726 coelellis
354 2664 434 2723 favor
444 2679 472 2721 et
481 2662 610 2741 quaedam
621 2666 651 2722 in

58 2748 653 2831 Vespafiauuminclinationuminumollen·

59 2838 181 2932 deretur.
210 2859 246 2903 ex
257 2838 335 2930 plebe
346 2835 650 2918 Alexandrinaquidam
