1614 3300
608 39 681 53 ‘⁴-

113 224 172 301 198
215 234 632 283 meouuttttrtct‘tr

108 324 196 382 ‘tatis
214 324 300 381 totius
317 324 475 382 Britanniae
488 317 557 380 fote.
591 340 671 383 mm

110 409 123 445 ⁴
134 408 250 471 universi
261 407 396 469 servitutis
411 425 553 488 expertem
566 421 594 465 et
609 408 681 475 nult

110 501 120 531 ⁴
132 497 204 555 ultra
217 511 314 571 terrae,
326 516 356 554 ac
368 515 404 554 ne
417 514 490 553 mate
505 492 616 569 quidem
626 490 681 556 sen

108 583 120 616 ⁴
131 601 204 656 tum,
212 583 372 642 imminente
381 582 463 641 nubis
470 577 548 640 classe
555 585 681 639 Romanu

108 669 120 702 ⁴
131 669 170 727 ita
179 670 309 748 proelium
319 682 402 747 atque
409 687 494 739 mma,
502 684 573 744 quae
581 665 681 726 fortibu

110 753 120 788 ⁴
131 752 250 827 honesta,
262 752 354 813 eadem
366 755 445 813 etiam
458 752 562 828 ignavis
573 750 681 813 tutiffirn

109 837 203 897 ‘sunt
227 836 681 918 priorespugnae,quibusudversu

110 924 271 985 ‘Romanos
283 928 357 985 varia
370 925 482 985 fortuna
500 939 632 983 certatum
643 924 681 985 ess

107 1011 117 1045 ⁴
129 1014 201 1090 spem
214 1035 244 1071 ac
262 1011 403 1071 subsidium
415 1014 444 1070 in
459 1010 557 1070 nostris
572 1013 681 1071 manibu

108 1105 117 1131 ‘
130 1100 282 1157 habebuntr
293 1099 357 1177 quia
372 1097 526 1157 nobilissimi
539 1098 627 1155 totius
640 1102 681 1157 Bt}

108 1186 117 1217 ⁴
132 1188 238 1244 tanniae
247 1227 257 1258 ,
277 1204 365 1261 eoque
385 1187 413 1243 in
430 1183 491 1263 ipsis
512 1184 681 1263 penetralibu

107 1271 118 1303 ⁴
129 1269 183 1344 firi,
195 1291 245 1329 nec
253 1269 424 1329 servientium
436 1271 517 1328 litora
529 1267 681 1348 uspicienter

107 1356 117 1387 ⁴
130 1355 226 1413 oeulos
242 1376 353 1433 quoque
364 1376 380 1413 a
390 1360 514 1415 eontat‘iu
528 1356 681 1416 dominatiu

106 1441 116 1473 ⁴
129 1443 173 1500 nis
184 1442 334 1499 Inviolatos
347 1443 520 1501 habebamus.
547 1461 600 1500 nos
614 1458 681 1502 term

106 1529 190 1586 ‘rum
209 1548 241 1585 nc
258 1525 392 1586 libertatis
412 1546 562 1598 extremos,
582 1527 681 1589 receffu

106 1620 115 1646 ⁴
126 1612 183 1690 ipse
194 1633 224 1671 ac
231 1612 301 1671 finus
311 1612 397 1672 famae
405 1615 434 1672 in
444 1618 513 1673 hanc
524 1613 594 1670 diem
603 1614 681 1675 defen

104 1698 115 1733 ⁴
126 1700 185 1773 dit;
203 1720 276 1758 nunc
289 1702 420 1758 terminus
438 1702 591 1759 Britanniae
602 1714 677 1776 putet

104 1784 208 1861 ‘atquc
229 1806 312 1842 omne
332 1786 456 1860 ignotum
477 1806 527 1863 pro
549 1785 681 1860 magnific«

105 1875 114 1901 ⁴
126 1869 173 1928 est.
195 1868 236 1928 sed
249 1869 390 1946 nuliajum
399 1869 467 1929 ultra
474 1890 553 1946 gens,
564 1871 634 1930 nibil
645 1875 681 1931 nii

103 1960 112 1987 ⁴
124 1955 220 2014 flubius
231 1970 259 2012 et
270 1952 347 2013 saxut
366 1970 394 2014 et
408 1959 552 2015 interiores
565 1960 681 2017 Romani

102 2040 113 2072 ⁴
124 2060 242 2119 quorum
252 2038 400 2118 superbiam
407 2040 501 2100 fruiira
511 2062 559 2119 per
567 2040 680 2121 obsequi

102 2126 172 2185 ‘um
190 2141 217 2183 et
229 2124 383 2185 modestiam
404 2124 549 2204 effugerim
570 2144 679 2203 raptore

100 2211 111 2245 ⁴
124 2212 209 2286 orbib,
220 2210 360 2291 postquam
369 2212 636 2272 cannavattamibus
645 2216 681 2274 de

99 2298 109 2329 ⁴
122 2298 197 2356 fuere
208 2313 305 2372 terrae,
318 2315 426 2358 etmare
436 2296 607 2357 scrutantur:
620 2299 679 2361 srlo

99 2383 110 2415 ⁴
120 2383 211 2459 cupies
218 2380 299 2442 bostis
308 2382 450 2457 cibaverit
460 2383 598 2463 stpauper,
605 2389 678 2446 ambi

101 2470 112 2501 ⁴
124 2465 200 2539 tioii;
215 2488 350 2547 quosnon
361 2473 470 2540 Oriens,
483 2490 541 2527 non
552 2471 681 2531 Occium:

98 2550 267 2617 ‘satiaveritz
276 2553 326 2615 soii
333 2557 456 2617 omnium
463 2570 618 2639 operitque
624 2560 681 2621 inu
