1614 3300
121 518 411 565 utsrortrttuu
435 516 503 559 etr.
523 516 569 557 tv.
607 510 648 578 75

56 599 132 661 ‘fint
142 598 271 660 traufitue
283 596 450 666 incustoditi,
468 594 512 656 sed
524 596 614 657 diurni
622 612 649 656 et

57 686 216 747 ‘inermesr
236 685 650 761 donecnovaerrecentiajura,

57 772 68 805 ‘
82 775 113 831 in
122 771 281 831 vetustatem
290 768 485 833 cousuetudine
495 784 648 829 vertantur.

56 857 68 894 ⁴
82 860 214 917 arbitrum
226 859 383 919 habebimus
398 857 515 917 Civilem
526 872 554 915 et
568 857 650 915 Vele-

55 945 156 1018 ‘dam‚
170 944 241 1023 apud
250 964 322 1025 quoe
332 942 593 1025 pattasancjenrur)
614 941 651 1004 fic

55 1032 148 1092 leniris
162 1033 317 1107 Teusteris,
343 1033 425 1109 legati
441 1031 475 1090 ad
490 1031 605 1091 Civilem
621 1045 651 1092 et

55 1118 187 1178 Veledam
196 1119 261 1178 miffi
270 1117 434 1191 mundonis,
445 1121 542 1178 cuncta
551 1137 585 1178 ex
596 1139 649 1179 vo·

55 1202 651 1286 lunurertgrippinenfiumperpetrarent&

56 1312 151 1352 eoram
159 1290 243 1361 adire,
258 1292 417 1369 ulloquique
425 1289 557 1350 Veledam
567 1310 650 1368 nega·

57 1392 131 1436 turn.
155 1379 313 1436 arcebantur
324 1375 440 1456 aspeflu,
464 1396 521 1455 quo
535 1397 649 1437 venera·

58 1465 146 1523 tionis
162 1463 224 1542 plut
235 1461 340 1523 iness'et.
363 1460 418 1542 ipsa
430 1463 502 1523 edita
516 1465 544 1522 in
558 1479 647 1524 turre:

57 1550 178 1610 delectus
190 1570 205 1609 e
216 1550 391 1630 propinquis,
407 1548 532 1608 consulta
541 1548 651 1629 respon·

57 1637 152 1717 saque,
172 1653 203 1694 ut
211 1637 541 1708 internuntiusnutninis,
557 1654 649 1716 porta·

14 1715 118 1782 hubae
165 1724 261 1782 Civilis
272 1721 401 1782 societate
412 1722 649 1801 Agrippinensrum

56 1815 162 1882 uuekus,
175 1812 316 1889 proximas
325 1808 448 1867 civitates
460 1808 593 1882 affectare,
604 1824 652 1869 aut

56 1894 369 1956 adversantibuebellum
379 1895 479 1953 inferre
489 1893 589 1953 statuit.
604 1916 651 1954 oc·

55 1981 214 2062 eupatisque
225 1983 344 2055 Sunieis,
364 1982 544 2059 etjuventute
555 2001 651 2042 eorum

58 2090 108 2150 per
118 2062 247 2129 coho'rtes
256 2066 419 2148 composrta3
440 2088 497 2146 quo
509 2070 598 2127 minus
609 2069 650 2127 ul·

57 2172 101 2216 tra
112 2172 245 2237 pergeret,
267 2154 396 2214 Claudius
409 2158 502 2212 Labeo
515 2155 651 2215 Bethasto·

58 2264 120 2304 tutu
132 2250 368 2321 Tungrorumque
382 2257 410 2299 et
427 2243 593 2299 Nerviorum
607 2258 652 2301 tu·

58 2327 571 2401 multuariamanurestititftetusloco,
588 2331 653 2408 quia

58 2414 653 2495 pontemMosuefluminisanteceperut.pug·

57 2503 267 2580 nubaturquein
277 2499 404 2578 angustiis
414 2500 548 2572 ambigue,
562 2499 653 2559 donec

11 2650 15 2657 ,
57 2590 189 2647 Germani
199 2602 457 2661 tranatantes,terga
466 2586 654 2644 Labeonisin·

56 2673 162 2736 rasere.
181 2671 258 2732 fimul
268 2674 376 2740 civilis,
388 2671 477 2744 ausus,
488 2692 521 2729 an
532 2692 566 2730 ex
576 2694 654 2732 com·

28 2830 32 2839 ¹
59 2759 161 2842 posteo,
174 2757 299 2820 intulitse
307 2761 407 2836 agmini
420 2765 612 2834 Tungrorum,
624 2777 660 2820 et

60 2847 132 2911 dura
144 2866 233 2911 vocer
252 2849 330 2907 ‘non
343 2845 416 2920 ideo,
435 2846 537 2926 iuquit,
552 2846 655 2907 bellum

322 2937 351 2992 D
376 2951 394 2996 2
