1614 3300
168 186 231 252 134
274 188 680 235 nconuemnicm

165 274 233 345 telo,
257 290 339 354 prout
356 278 428 334 ratio
450 274 547 354 poscit,
576 277 620 336 vel
634 278 763 339 cominus

165 360 209 420 vei
224 365 332 421 eminus
345 375 486 440 pugnent3
512 378 540 420 et
555 383 639 442 eques
652 364 762 442 quidem

165 446 242 507 scuto
255 446 411 525 frameaque
423 464 573 507 contentus
586 450 638 520 est3
657 451 762 528 pedites

164 551 193 593 et
203 533 306 593 miffilia
314 532 453 611 spargunt,
464 534 598 612 pluraque
607 535 712 611 singuli,
721 552 762 595 at·

164 640 219 699 que
231 624 259 678 in
269 618 429 678 immensum
441 622 567 677 vibrant:
584 620 650 678 nudi
660 638 707 679 aut
718 621 757 680 sa·

164 707 232 783 gulo
243 707 337 777 leven
360 705 436 764 nulia
451 707 676 782 cuitusjadiatio:
699 706 759 766 scu·

165 808 309 850 tacentum
324 792 464 850 lediiffimis
477 792 614 851 coloribus
625 789 758 870 distingu-

164 898 216 937 unt
229 880 320 957 paucis
333 880 447 936 loricae:
465 880 513 935 vix
522 879 570 936 uni
579 877 690 936 alterive
702 879 758 937 cas·

163 964 208 1040 sn,
220 981 266 1024 aut
278 965 364 1041 galea.
388 966 452 1042 equi
465 963 631 1037 nonforma‚
643 984 701 1023 non
710 987 759 1024 ve·

164 1052 275 1111 iocitute
287 1048 442 1128 conspicu13
469 1051 512 1109 sed
526 1072 576 1109 nec
592 1053 699 1111 variare
710 1074 760 1130 gy·

166 1158 212 1197 roe
222 1139 250 1195 in
259 1157 363 1195 morem
372 1136 494 1196 nostrum
503 1138 648 1197 docentur.
661 1140 690 1196 in
701 1161 759 1197 rec-

165 1240 224 1283 tum
242 1240 291 1283 out
311 1243 369 1281 uno
383 1224 455 1282 flexu
477 1223 589 1282 dextros
601 1239 696 1301 agunt,
717 1227 758 1284 ita

164 1309 317 1387 conjuncto
330 1310 406 1377 orbe,
429 1326 460 1368 ut
471 1330 553 1369 nemo
572 1310 702 1389 posterior
713 1307 756 1368 fit.

164 1400 194 1458 in
206 1396 358 1456 universum
371 1393 532 1470 aeihmanti,
544 1396 605 1474 plus
617 1416 698 1475 penes
710 1416 757 1474 pe·

165 1484 247 1543 ditem
267 1484 390 1541 roboris:
419 1502 509 1562 eoque
525 1486 605 1541 mixti
619 1482 757 1560 proelian-

164 1586 220 1640 tur,
242 1583 304 1650 apta
320 1584 348 1627 et
366 1588 537 1647 congruente
556 1570 589 1628 ad
606 1569 759 1648 equestrem

163 1654 758 1739 pugnamvelocitatepeditum‚quosexom·

163 1743 344 1820 nijuventute
352 1741 471 1801 deiedios
482 1762 546 1800 anie
552 1744 636 1801 aciem
649 1743 755 1804 locant.

163 1830 294 1890 definitur
302 1844 328 1886 et
341 1849 485 1887 numerus:
507 1826 758 1907 centeniexiingu·

164 1917 199 1976 lis
212 1918 287 1995 pagis
306 1914 384 1975 sunta
408 1914 491 1993 idque
509 1914 594 1995 ipsum
612 1920 683 1974 inter
693 1913 757 1976 suos

162 2020 316 2072 vocantur3
333 2002 443 2079 etquod
452 2003 542 2081 primo
552 2001 757 2076 numerusfuit,

159 2090 217 2170 jam
231 2108 334 2147 nomen
346 2104 372 2146 et
384 2090 474 2145 honor
485 2087 530 2147 est.
563 2092 633 2146 acies
646 2107 694 2166 per
707 2108 756 2145 cu·

162 2196 232 2234 neos
240 2176 427 2253 componitur.
441 2175 535 2233 cedere
546 2176 619 2237 ioco,
629 2175 757 2232 dummo-

162 2261 200 2320 do
212 2258 301 2319 rursus
315 2259 409 2332 instes,
424 2258 757 2339 consiliiquamiormidi·

162 2349 206 2405 nis
224 2348 402 2406 arbitrantur.
425 2366 543 2425 corpora
554 2345 661 2405 suorum
672 2347 757 2404 eiiam

163 2432 291 2491 indubiis
301 2433 410 2509 proeliis
420 2431 553 2493 referunt.
576 2432 682 2493 scutum
691 2432 757 2490 reli·

113 2572 117 2579 .
161 2515 247 2599 quiss'e
265 2519 438 2599 praecipuum
457 2519 608 2599 flagitium
638 2540 690 2580 nec
708 2537 760 2580 aut
