1614 3300
185 176 245 252 146
282 187 705 237 ocorrutrrrrcrrr

181 298 318 359 quemque
325 289 411 335 mater
418 276 543 334 uberibus
555 276 612 345 alit,
625 296 676 337 nec
689 276 776 338 atreis·

183 366 217 424 lit
231 387 262 424 ac
274 364 428 423 nutricibus
439 360 609 438 delegantur.
631 363 776 423 dominum

183 473 213 511 ac
222 447 707 510 servumnuliiseducationisdeliciis
716 450 777 529 dig·

184 536 293 598 noscat.
324 540 396 595 inter
405 533 498 593 eadem
511 553 626 614 pecora=
642 538 671 594 in
684 537 778 597 eadem

184 627 270 684 humo
285 621 408 697 degunt3
429 617 603 695 donecaetas
618 619 721 700 separet
733 624 778 681 in·

183 729 301 788 genuus,
313 708 403 765 virtut
414 703 554 782 agnoscat.
575 703 630 764 sera
640 707 777 784 juvenum

183 800 295 868 Venus,
305 811 393 871 eoque
404 789 562 850 inexhausta
571 792 712 870 pubertasr
725 813 778 855 nec

141 926 145 932 .
183 877 495 958 virginessestinautu13
507 876 734 955 eademjuvcnta,
746 879 778 940 st·

183 962 779 1048 milisproceritas‚paresvalidiquemiscen·

184 1072 246 1128 tur;
258 1074 293 1114 rc
302 1054 402 1112 robora
410 1068 552 1132 parentum
561 1050 637 1112 liberi
645 1051 779 1115 referunt·

183 1140 310 1203 sororum
327 1138 393 1199 filiis
411 1138 483 1199 idem
499 1139 569 1218 apud
590 1139 777 1217 avunculum,

185 1231 233 1309 qui
242 1227 312 1308 apud
325 1241 427 1307 patrem
436 1228 538 1286 honor.
560 1225 673 1304 quidam
682 1225 779 1287 tantu·

184 1335 262 1375 orem
273 1314 458 1392 artioremque
468 1315 542 1371 hunc
554 1330 657 1373 nexum
670 1310 779 1392 sangui·

184 1404 230 1461 nis
238 1401 416 1472 arbitrantur,
429 1414 456 1457 et
467 1396 495 1458 in
504 1399 667 1478 accipiendis
679 1400 779 1461 obsidi-

184 1491 236 1550 but
248 1489 334 1565 magis
343 1489 470 1565 exigunt,
483 1501 624 1565 tamquam
636 1486 666 1559 ii,
679 1501 707 1546 et
719 1491 779 1548 ani·

183 1596 259 1636 mum
269 1569 386 1648 firmius,
400 1588 427 1631 et
436 1572 547 1633 domum
560 1572 640 1632 iatius
652 1587 778 1636 teneant.

182 1662 295 1722 heredes
303 1673 393 1720 tumen
407 1656 617 1739 successoresque
628 1657 667 1718 sui
679 1663 780 1740 cuique

184 1749 277 1808 liberi:
292 1763 319 1806 ct
331 1747 437 1805 nullum
447 1745 647 1807 testamentum.
669 1744 779 1806 filiberi

184 1854 242 1894 non
254 1833 326 1901 sunt,
341 1835 485 1913 proximus
493 1832 594 1911 gradus
603 1836 631 1892 in
645 1830 780 1912 possessio-

184 1942 232 1996 ne,
250 1919 357 1993 fratres,
380 1923 479 1999 patrui,
500 1921 639 1979 avuncuii.
671 1935 782 2000 quanto

184 2009 248 2088 pius
263 2008 501 2089 propinquorum,
518 2026 575 2085 quo
588 2005 679 2082 major
689 2005 780 2066 affini·

183 2114 229 2153 um
247 2112 388 2163 numerus,
401 2107 480 2152 tanto
495 2091 635 2170 gratiosior
647 2091 779 2164 senectus,

185 2202 237 2241 nec
256 2180 312 2241 ulla
334 2181 462 2240 orbitatis
483 2181 579 2259 pretia.
634 2176 801 2259 Susciperet

185 2284 240 2328 tam
249 2266 405 2326 iuimicitias
417 2265 461 2325 seu
471 2267 556 2345 patris
565 2264 608 2325 seu
617 2269 776 2347 propinqui,

184 2351 565 2432 quantamicitiasnecess'cest.
590 2354 756 2433 necimpltc‘

182 2439 251 2497 biles
260 2438 377 2509 domim
392 2437 476 2498 luitur
487 2443 559 2498 enim
571 2442 652 2497 etium
662 2441 748 2500 homi<

181 2524 257 2586 dium
265 2540 341 2586 certo
350 2542 533 2588 armentorum
543 2545 573 2588 tc
585 2545 716 2608 pecorum
725 2547 749 2590 ut
