1614 3300
186 509 638 556 murmurmurmur.
670 508 712 573 57

126 595 224 673 famae,
239 595 367 677 iumajus
385 601 542 674 innotuere,
560 601 666 677 equites
682 600 713 658 in

127 704 224 743 necem
234 683 340 746 Pisonis
351 687 444 745 mittit.
469 687 506 744 illi
522 688 619 763 raptim
632 687 716 758 vetii,

129 767 247 828 obscuro
260 769 347 830 adbuc
365 786 475 850 coeptae
492 772 577 843 lucis,
600 771 715 829 domum

128 854 298 933 proconsulis
308 857 473 936 irrumpunt,
488 856 616 916 destrictis
627 857 714 932 giudi·

127 943 164 1013 is,
178 955 310 1020 etmagna
318 963 381 1022 pars
396 941 500 1003 Pisonis
511 944 616 1018 ignaris
637 940 715 1021 quod

125 1032 234 1088 Poenos
245 1031 399 1098 auxiliares,
422 1027 585 1108 Maurosque
606 1030 634 1088 in
653 1049 713 1088 cam

123 1113 231 1174 eaedem
242 1115 394 1192 delegeram
413 1115 483 1174 haud
496 1115 591 1194 procul
603 1116 712 1175 cubicu-

123 1200 164 1270 lo,
180 1202 293 1261 obvium
305 1201 376 1260 forte
387 1199 505 1276 servum,
519 1202 528 1232 ‘
542 1201 713 1279 quisnam‚et

105 1292 106 1295 ’
123 1283 266 1345 -‘ubi.effet
278 1285 338 1346 Piso
346 1288 368 1346 3’
385 1288 597 1363 interrogavere.
620 1285 712 1346 servus

125 1373 234 1446 egregio
243 1372 394 1446 mendacio,
407 1373 415 1404 ‘
426 1370 583 1432 sePisonem·
593 1370 652 1430 effe'
671 1392 713 1430 re·

87 1484 92 1517 ε
126 1453 713 1535 spondit:aestatimobtruncatut3nccmui·

124 1557 156 1602 to
168 1543 241 1623 post,
254 1543 318 1604 Piso
329 1543 501 1605 interficitur.
524 1565 641 1622 namque
652 1544 714 1603 ade

122 1645 177 1702 rat,
197 1632 246 1707 qui
258 1629 391 1703 nosceret,
416 1632 513 1689 Bebius
527 1630 611 1689 Maiis
623 1652 637 1689 e
648 1651 713 1710 pro-

122 1718 294 1776 curatoribus
312 1716 434 1776 Asricaer
450 1717 510 1792 jam
527 1731 594 1776 tunc
606 1719 713 1793 optimo

119 1804 223 1880 cuique
232 1800 375 1875 exitiosus,
386 1804 451 1862 etin
460 1800 559 1860 caussas
568 1803 714 1876 malorumq

119 1907 194 1966 quse
212 1907 282 1947 mox
295 1887 420 1960 tulimus,
442 1886 545 1965 saepius
564 1886 712 1947 rediturus.

119 1971 715 2050 FestusAdrumetombtspeculabundussub-

119 2048 235 2134 stiterat,
249 2059 284 2119 ad
295 2060 429 2138 legionem
444 2057 715 2137 tenditpraefccium-

125 2145 507 2224 que-castrorumcetronium
516 2143 715 2206 insanum-vin-

126 2233 272 2310 cirijuffit,
292 2235 418 2313 proprius
431 2235 468 2291 ob
479 2230 642 2291 simultates:
672 2229 716 2290 sed

126 2317 546 2390 ‘Pisonissatellitem'vocabat,
565 2315 717 2396 militesque

116 2419 156 2470 ¹et
173 2407 350 2465 centuriones
369 2403 500 2482 quosdam
520 2405 618 2481 puniit,
647 2404 716 2462 alios

116 2489 505 2571 praemiisaffecitrneutrum
514 2491 665 2561 emerito,
674 2487 718 2548 sed

118 2591 158 2636 -ut
167 2575 316 2655 oppreififfe
324 2575 422 2635 bellum
431 2574 591 2634 crederetur.
604 2593 672 2632 mox
680 2581 718 2632 Ο·

125 2660 278 2744 phenfiurn,
300 2664 562 2742 Leptitanorumque
571 2658 719 2720 discordias

126 2750 282 2826 componit,
303 2764 465 2827 quse—raptu
477 2748 584 2824 frugum
598 2765 624 2807 et
637 2768 725 2827 pecu·-

126 2854 191 2896 tum
202 2837 275 2896 inter
289 2833 415 2917 agrestes,
440 2834 554 2896 modicis
567 2836 726 2916 principiis,
