1614 3300
278 622 499 666 nrtroone.
629 623 690 682 ψ

99 703 242 785 quentinm
249 706 447 784 componebat,
457 723 507 765 nec
513 703 693 784 nllaremngie

99 787 219 867 ejusdem
225 791 445 850 actatiaorarorer
452 793 701 870 praecurrit,qnam1

96 874 216 954 jndicio.
246 876 350 952 primns
368 879 443 935 enim
454 876 577 936 excoluit
590 879 692 938 oratio·

98 981 179 1035 nem,
195 963 300 1043 primun
316 977 345 1021 et
363 964 453 1022 verbis
468 962 599 1023 deledlont
616 962 692 1024 adli·

99 1046 389 1127 boitetoornpolitioni
395 1049 691 1131 memrlocosquelae-

99 1137 184 1196 tiores
196 1138 349 1205 attentavit,
365 1151 393 1194 et
404 1134 533 1214 quasdam
545 1135 691 1198 sententiaa

95 1221 224 1283 invenit:
242 1224 337 1302 utique
347 1225 376 1281 in
389 1225 432 1282 his
442 1224 612 1284 orationibus
625 1244 692 1304 quas

95 1304 245 1387 senioriant
253 1309 365 1386 etjuxta
371 1306 692 1389 fincrnritaecomposnit,

96 1394 127 1454 id
144 1394 191 1470 est,
201 1393 342 1473 postquam
354 1397 440 1472 magis
454 1394 613 1473 profecerat,
629 1395 696 1456 nso·-

99 1496 187 1559 queet
197 1483 390 1559 experimentis
403 1481 541 1551 didicerat,
554 1481 628 1561 quod
640 1502 691 1563 op-

96 1570 198 1627 timum
215 1566 324 1628 dicendi
339 1589 425 1646 genus
436 1567 482 1627 est.
511 1589 575 1628 nam
585 1572 690 1646 priorcl

96 1656 157 1732 ejus
167 1649 306 1713 orationes
316 1675 372 1714 non
382 1657 555 1715 carentvitiis
570 1659 690 1737 antiqui·

95 1743 180 1814 tatia3
195 1740 285 1801 lentus
297 1740 368 1801 estin
383 1743 533 1824 principiis,
547 1743 645 1822 longua
658 1746 687 1803 in

97 1830 320 1897 narrationibus,
338 1827 442 1890 otiosus
461 1831 532 1889 eirca
550 1829 687 1890 excelluse

98 1913 175 1973 tarde
182 1929 384 1990 commovetur,
393 1914 689 1994 raroincnlescitzpau·

97 2000 124 2059 ci
140 1997 228 2058 sensus
247 2014 305 2079 opt.
324 2015 432 2061 etcum
450 2001 570 2082 quodam
585 2003 689 2063 lumine

95 2089 295 2160 terminantur3
316 2087 387 2147 nihil
396 2108 548 2170 excerpere,
563 2087 632 2147 nihil
646 2108 690 2148 re·

96 2173 166 2234 serre
182 2173 281 2254 pollis:
303 2188 330 2233 et
349 2175 424 2234 velut
439 2177 468 2233 in
483 2176 544 2234 rudi
554 2175 689 2252 aedilicio,

96 2261 191 2322 firmus
202 2257 264 2321 sane
275 2263 399 2342 parietet
408 2261 565 2332 duraturos,
579 2259 689 2322 sednon

94 2347 160 2408 latia
172 2348 311 2429 expolitos
320 2364 347 2408 et
359 2346 513 2428 splendens.
536 2368 588 2426 ego
597 2362 689 2410 autern

95 2448 246 2509 oratorem,
260 2433 495 2514 licutloenpletem
505 2454 537 2493 ac
548 2434 689 2495 laudarunt

95 2521 343 2600 patrem-familiae,
366 2540 426 2580 non
442 2540 477 2580 eo
496 2534 602 2580 tanturn
621 2520 689 2580 volo

97 2611 170 2668 teilo
184 2608 250 2684 tegi,
266 2607 342 2686 quod
353 2610 466 2667 imbrem
477 2627 508 2665 ac
522 2621 635 2667 ventum
646 2627 690 2666 ar·

97 2708 175 2768 cent,
196 2691 239 2753 sed
256 2696 337 2754 etiam
353 2693 429 2774 qnod
441 2691 528 2753 visum
546 2711 574 2753 et
593 2694 689 2754 oculos

98 2781 227 2840 deleciete
239 2800 299 2840 non
311 2800 343 2840 ea
357 2779 443 2840 solnm
455 2778 548 2839 instrui
561 2778 691 2860 supellec·

100 2868 158 2941 tile,
169 2865 399 2947 quaenecellariie
408 2862 631 2938 usibussufficiar3
646 2863 690 2925 sed

100 2953 133 3016 lit
149 2957 177 3016 in
193 2969 322 3037 apparato
332 2953 409 3034 ejus,
421 2966 451 3013 et
468 2971 563 3014 norunt
576 2969 604 3013 et
614 2971 693 3031 gem·

365 3042 433 3104 Lo
691 3038 797 3147 Δ
