1614 3300
133 486 570 532 utsuouttnuum.tv.
614 471 656 553 65

62 566 74 600 ‘
85 567 145 645 lim,
169 572 343 629 Sacrovirum
358 587 385 630 et
407 571 525 645 AEduoc3
556 590 655 653 nuper,

61 654 234 715 ‘Vindicem
251 654 404 736 Galliasque
417 657 527 736 lingulis
542 659 654 738 proeliis

60 739 243 800 ‘concidille
265 740 357 801 eadem
367 742 587 812 rutsutnumiua,
610 764 655 804 ea·

64 825 73 857 ‘
88 825 150 884 dem
161 825 224 899 lata,
237 842 362 907 ruptores
370 828 508 889 foederum
517 829 654 908 exspecta·

63 911 158 970 ‘rent
183 911 448 991 meliusdivojulio,
466 915 587 994 divoque
596 923 653 974 Au·

62 993 160 1074 ‘gullo
173 1013 258 1057 notos
273 1021 366 1059 eorum
385 1004 504 1060 animos.
528 1001 653 1075 Galbam,

59 1083 110 1142 ‘et
118 1083 232 1144 infracta
243 1088 352 1156 tributa,
372 1085 481 1145 hostiles
490 1085 596 1165 spiritus
609 1088 653 1146 in·

60 1168 175 1233 ‘cluille¹
200 1192 274 1230 nunc
284 1170 384 1243 hostes,
400 1175 465 1249 quia
479 1171 561 1231 molle
572 1170 653 1232 servi·

60 1253 168 1316 ‘tiume
193 1275 255 1315 cum
271 1255 379 1337 spoliati
395 1260 527 1335 exutique
539 1258 651 1334 luerint,

60 1338 71 1372 ‘
84 1343 186 1402 amicos
204 1341 286 1401 fore!
309 1347 376 1403 haec
387 1342 516 1402 ferociter
529 1343 649 1413 locutus,

60 1425 202 1506 postquam
225 1426 340 1507 perstate
361 1430 391 1487 in
420 1428 531 1508 perfidia
559 1429 651 1489 Clalii·
696 1454 699 1458 ⁴

59 1532 122 1571 cum
143 1519 334 1592 Tutoremque
353 1513 444 1575 videt:
471 1513 549 1574 uerso
567 1516 649 1575 itine-

57 1617 97 1668 re,
108 1598 252 1659 Nouellum
261 1599 400 1661 concedit.
416 1600 489 1659 Galli
496 1600 580 1660 duum
588 1602 649 1662 mil-

55 1682 123 1743 lium
141 1685 225 1762 lpatio
242 1684 403 1746 distantibus
415 1688 529 1766 campis,
553 1684 648 1746 conse·

55 1768 129 1830 dere.
152 1770 215 1832 illuc
230 1775 440 1832 commeantium
454 1775 648 1832 centurionum

53 1855 393 1934 militumqueemebantur
400 1857 501 1916 animi:
518 1871 562 1932 ut,
572 1858 648 1935 flagi·

54 1944 125 2002 tium
134 1943 316 2019 incognitum,
329 1943 648 2003 Romanusexercitusin

54 2044 169 2088 externe
182 2029 264 2087 uerba
272 2030 407 2106 jurarent,
417 2027 570 2108 pignusque
577 2031 646 2088 tanti

55 2110 170 2188 sceleris,
184 2128 305 2173 neceaut
316 2115 433 2174 vinculis
442 2115 590 2191 legatorum
598 2113 646 2173 dc·

49 2216 141 2260 tetur.
163 2199 285 2271 Vocula,
297 2220 462 2279 quamquam
470 2199 646 2279 pleriquefiu·

54 2306 115 2363 gam
124 2284 279 2356 suadebant,
291 2285 444 2345 audendum
453 2299 539 2358 ratus,
548 2300 645 2345 vocate

55 2373 204 2446 concione,
233 2374 262 2429 in
283 2374 358 2430 hunc
379 2371 492 2431 modum
513 2368 644 2431 disseruit.

14 2445 67 2520 58‘
81 2464 229 2535 Nunquam
239 2457 310 2536 apud
320 2454 583 2526 vosverbafeci,aut
590 2474 643 2533 pto

54 2543 156 2604 ‘vobis
167 2541 310 2615 solicitior,
329 2557 375 2600 aut
391 2562 500 2622 prome
515 2539 644 2600 securior.

53 2629 64 2663 ‘
76 2649 141 2690 nam
150 2630 216 2686 mihi
224 2631 338 2687 exitium
347 2626 641 2707 parari,libeneaudio=

54 2721 64 2748 ‘
78 2728 248 2794 mortemque
260 2716 290 2773 in
301 2729 345 2772 tot
356 2715 432 2772 malis
444 2713 559 2773 hostium
571 2727 601 2770 ut
612 2711 644 2772 fi·

51 2801 63 2837 ‘
74 2822 138 2863 nem
144 2798 450 2884 miseriarumexspetlo.
460 2799 643 2881 vellrlmepu·
