1614 3300
18 218 23 223 ·
218 198 257 247 10
316 201 569 246 meorum!
595 201 744 247 'rncrtt

16 270 30 319 '¹
213 300 341 346 natorum
353 285 571 363 deprecantibus,
585 289 674 350 omisit
687 285 790 350 Priscus

213 375 310 437 variis,
330 389 361 432 ut
382 372 445 434 sunt
463 378 605 436 hominum
620 378 743 454 ingenia,
757 374 798 435 ser

214 462 357 535 monibus,
386 461 599 522 moderationem
630 463 799 523 laudantium

215 562 262 606 aut
273 548 452 609 constantiam
466 551 673 629 requirentium.
693 565 795 610 eeteru

216 654 251 693 eo
263 632 372 694 senatus
384 634 438 709 die,
451 656 507 715 quo
520 635 576 695 ‘dc
587 638 702 715 imperio
710 635 800 716 Vespa

217 719 326 781 ‘srani’
341 720 500 795 censebant,
517 724 653 803 placuerat
675 722 763 782 ‘mitti
780 745 807 781 a·

217 808 229 840 ‘
245 810 395 889 principem
407 807 536 886 legatos.’
558 811 624 869 hinc
637 812 710 869 inter
718 809 802 869 Helvi

218 894 307 969 dium,
316 911 343 954 et
352 897 476 975 Eprium,
487 897 690 975 acrejurgium.
711 895 800 956 Priscu

219 982 230 1015 ‘
245 983 310 1060 eligi
325 985 488 1043 nominatim
500 1005 515 1043 a
527 984 724 1062 magistratibus
740 986 804 1060 jura

219 1067 282 1128 ‘tis
296 1073 325 1142 ;’
358 1071 504 1130 Marcellus
531 1092 627 1131 urnam
652 1072 804 1150 pollulabat

220 1176 291 1235 quae
303 1156 421 1217 consulis
433 1155 562 1234 designati
574 1157 709 1217 sententia
717 1157 806 1214 fuerat

220 1242 271 1302 Sed
280 1243 403 1302 Marcelli
415 1241 529 1301 studium
539 1247 665 1322 proprius
679 1246 804 1300 ruborex

221 1331 335 1404 citabat,
357 1350 392 1389 ne
405 1330 463 1388 aliis
475 1329 565 1388 electis
579 1327 746 1408 posthabitus
761 1350 806 1387 cre

222 1414 343 1476 deretur.
372 1416 571 1496 paulatimque,
594 1435 643 1494 per
661 1414 804 1472 altercatio

223 1524 298 1580 nem,
312 1501 345 1562 ad
358 1505 547 1563 continuaret
560 1500 668 1562 infestas
677 1503 803 1560 oratione

224 1588 807 1671 provectisunt,quaerenteHelvidio,‘qui

224 1679 235 1712 ⁴
250 1681 289 1736 ita
304 1678 451 1736 Marcellus
465 1676 600 1752 judicium
617 1675 789 1753 magistratuu

224 1762 234 1797 ‘
250 1759 426 1845 pavesceret?
447 1760 497 1821 elle
509 1762 547 1819 illi
560 1764 715 1840 pecuniam,
723 1778 751 1823 ct
761 1763 800 1822 el

224 1850 404 1931 ‘quentiam,
427 1850 491 1926 quis
510 1849 611 1909 multos
635 1853 763 1922 anteiret,

226 1938 236 1972 ‘
251 1938 383 1998 memoria
395 1936 560 2013 flagitiorum
572 1951 724 2011 urgeretur.
749 1935 805 1995 sort

225 2025 235 2059 ‘
249 2039 278 2083 et
288 2043 358 2082 uma
371 2043 460 2082 mores
473 2043 531 2081 non
544 2021 675 2082 discernit
696 2021 804 2101 suffragi

226 2112 236 2146 ‘
251 2126 279 2170 et
293 2108 520 2169 existimationem
534 2108 640 2169 senatus
652 2125 773 2190 reperta3

224 2200 235 2232 ⁴
251 2201 281 2257 in
293 2196 425 2276 cujusque
436 2199 521 2257 vitam
530 2196 685 2278 famamque
696 2212 803 2277 penetr

227 2285 236 2317 ‘
253 2301 333 2356 ren13
361 2287 497 2364 pertinere
510 2284 543 2344 ad
556 2283 700 2344 utilitatem
714 2287 804 2364 reipu

231 2374 331 2444 ‘licac,
353 2373 491 2451 pertinere
510 2370 543 2430 ad
560 2370 715 2452 Vespafiani
733 2375 805 2432 bon

227 2457 239 2491 ‘
254 2479 321 2529 rem,
340 2477 483 2518 occurrere
494 2458 533 2518 illi
550 2479 622 2538 quos
638 2460 782 2518 innocenti

229 2545 315 2608 ‘mos
330 2543 437 2606 senatus
450 2546 557 2624 habeat,
576 2548 625 2626 qui
639 2545 758 2607 honestis
773 2543 789 2603 s
