1614 3300
63 369 111 452 246
156 392 404 440 carcorurrrt
429 394 572 439 ruurrt

64 480 75 511 ⁴
89 479 117 537 lo
130 496 222 559 rapta3
245 482 347 560 quique
355 501 415 540 aera
427 481 518 560 legum
529 479 661 543 vetustate

65 564 196 646 ‘delapsa
206 563 359 642 noscerent,
375 567 553 648 figerentque,
572 585 599 628 et
609 570 660 630 fas*

64 650 77 686 ‘
88 667 133 712 tos
143 650 300 711 adulr'tione
309 668 463 733 temporum
477 656 601 716 foedatos
611 677 660 717 ex·

62 740 243 812 ‘onerarem
253 741 420 820 modumque
428 743 543 820 publicis
553 745 659 821 impen-

61 828 74 863 ‘
87 825 120 887 fis
132 827 274 895 furerent?
297 827 419 887 redditur
430 833 531 889 Tertio
544 830 658 906 juliano

62 930 198 994 praetura,
213 913 355 994 postquam
365 915 536 992 cognitusest
545 917 579 976 ad
589 918 657 978 Ves-

57 998 657 1082 pafiauumconfugisse.Griphohonortnan·

60 1087 103 1149 stt.
128 1089 213 1166 reperi
225 1087 290 1147 inde
305 1090 495 1167 cognitionem
507 1094 580 1152 inter
592 1097 657 1151 Mu·

61 1174 169 1236 sunium
183 1175 284 1235 Rufum
302 1193 329 1234 er
347 1184 377 1235 P.
391 1179 513 1238 Celerem
532 1177 657 1258 placuit,

60 1261 259 1344 damnatusque
279 1265 401 1338 Publiust
420 1281 448 1324 et
460 1267 556 1325 Sorani
570 1267 657 1324 mani·

60 1352 111 1411 bus
121 1349 298 1410 satisfatium.
320 1348 432 1428 inflgnis
442 1352 547 1429 publica
558 1350 657 1410 severi·

57 1451 115 1496 tate
126 1437 197 1508 dies,
216 1456 251 1495 ne
261 1439 388 1515 privatim
403 1437 513 1514 quidem
522 1435 601 1494 iaude
610 1458 656 1496 ca·

57 1527 131 1586 ruit:
150 1520 393 1601 justumjudicium
402 1520 519 1599 explesse
530 1519 655 1583 Musoni·

57 1632 91 1672 ur
99 1604 250 1671 videbatur.
261 1605 364 1666 diversa
373 1606 444 1665 fama
451 1609 592 1666 Demetrio
599 1615 653 1688 Cy·

57 1701 148 1760 nicam
157 1693 250 1755 sertam
260 1690 387 1772 prosess'o,
400 1694 475 1772 quod
483 1693 652 1757 manifestum

55 1806 133 1847 reum
144 1779 309 1842 ambitiosrus
319 1799 399 1860 quam
411 1779 549 1842 honestius
558 1779 652 1844 defen·

55 1869 144 1934 differ.
175 1867 223 1949 ipsi
235 1868 331 1928 Publio
343 1888 433 1947 neque
444 1872 551 1928 animus
564 1870 592 1931 in
606 1891 651 1949 pe-

53 1957 159 2029 riculis,
182 1975 272 2032 neque
282 1957 373 2015 oratio
384 1953 576 2033 suppeditavit.
600 1956 651 2034 fig·

56 2066 96 2108 no
108 2043 222 2104 ultionis
235 2043 266 2100 in
276 2039 446 2102 accusatores
458 2041 533 2117 dato,
554 2047 622 2122 perit
634 2064 651 2103 a

56 2130 276 2206 CaesareJunius
285 2131 435 2202 Mauricus,
448 2129 457 2159 ‘
470 2145 499 2188 ut
508 2150 650 2190 commen-

23 2280 27 2286 ,
54 2219 210 2279 ‘rariorum
228 2215 420 2296 principalium
439 2217 595 2295 potestatem
610 2215 650 2276 se*-

52 2306 63 2340 ‘
76 2306 153 2366 nutui
165 2304 274 2375 faceret,
289 2323 336 2380 per
345 2321 414 2381 quus
424 2302 556 2375 nosceret,
566 2324 649 2383 quem

51 2393 62 2427 ‘
75 2391 188 2472 quisque
197 2389 378 2452 accusandum
388 2390 560 2474 poposcisset.
578 2412 647 2452 con·

54 2478 217 2541 ‘sulendum
230 2478 276 2536 tali
287 2473 364 2557 super
374 2498 401 2534 te
411 2481 588 2558 principem‚'
604 2501 648 2539 re·

50 2564 173 2647 spondit.
196 2571 322 2635 Senatus,
335 2565 528 2626 inchoantibus
539 2567 668 2644 ptimo-4
682 2581 693 2624 1

49 2656 138 2725 ribus,
160 2649 354 2728 jusjurandum
363 2653 499 2730 concepit,
518 2673 576 2730 quo
587 2675 647 2712 cer-

43 2742 128 2802 ratim
136 2754 234 2799 omues
248 2735 430 2816 magistratum
453 2742 532 2799 ceteri
543 2755 574 2799 ut
585 2740 647 2803 sen·
