1614 3300
163 169 221 231 162
267 181 655 227 emanarunrncrrr

158 266 263 349 templo
273 265 385 339 reddat·,
401 285 469 325 mox
481 263 635 327 vehiculum
649 279 678 326 et
691 270 763 329 ver²

158 370 209 425 tea,
221 352 276 414 etfi
291 352 399 415 credere
409 352 488 427 velia,
500 373 602 413 numen
612 350 700 430 ipsum
713 351 754 413 se·

156 457 236 519 arato
254 440 314 501 lacu
329 442 457 501 abluitur.
489 436 558 498 servi
578 438 754 517 ministrant,

159 548 231 608 quos
243 528 331 589 statim
343 526 413 587 idem
424 528 500 585 lacus
511 527 611 587 haurit.
635 547 754 587 aroanua

158 619 223 675 hinc
236 631 336 686 terror,
351 612 493 693 fundaque
507 613 673 689 ignorantia,
685 613 754 693 quid

159 701 192 760 sit
210 701 276 761 illud
296 701 372 780 quod
390 715 497 759 tantum
517 701 629 779 perituri
645 699 753 760 vident.

158 793 195 847 Et
204 792 268 846 haec
279 787 389 866 quidem
399 807 462 866 para
469 793 619 846 suevorum
627 788 657 846 in
666 784 750 848 secre-
757 808 794 866 41

159 875 232 934 tiora
253 876 416 932 Germaniae
439 874 600 951 porrigitur.
639 875 757 954 propior

160 958 207 1030 (ut
217 982 275 1042 quo
287 960 372 1020 modo
389 959 470 1039 paulo
485 975 549 1018 ante
561 962 701 1035 Rhenum,
720 960 756 1021 fic

160 1069 235 1108 nunc
248 1048 407 1109 Danubium
424 1045 755 1124 sequar)Hermunduro·
788 1117 791 1122 Ι

160 1156 222 1195 rum
238 1136 335 1194 civitas
343 1177 352 1207 ,
369 1132 421 1191 fida
435 1134 580 1207 Romanis,
591 1152 682 1213 eoque
694 1132 757 1195 solia

161 1229 363 1280 Germanorum
372 1239 431 1278 non
440 1221 469 1278 in
481 1221 541 1298 ripa
550 1222 757 1297 commercium,

161 1303 757 1385 sedpenitas,atqueinsplendidissimaRae·

161 1395 215 1453 tiae
228 1395 386 1473 provinciae
402 1393 531 1465 colonia3
552 1392 643 1473 paffim
659 1391 758 1455 etiine

160 1479 272 1540 custode
282 1479 435 1554 transeunt5
453 1480 757 1557 etcumceteriagenti'·

160 1569 212 1626 bur
229 1587 305 1627 arma
318 1567 405 1627 modo
415 1564 554 1643 castraque
564 1564 656 1625 nostra
667 1564 756 1626 olien-

160 1654 276 1730 damua,
288 1654 331 1712 bia
347 1652 448 1713 domos
458 1650 609 1731 ,villasque
627 1652 755 1734 patefeci·

161 1760 244 1815 mua,
264 1759 322 1799 non
341 1737 609 1818 concupiscentibua.
642 1741 671 1799 in
684 1745 764 1800 Her«

160 1824 304 1887 mundaris
317 1825 396 1885 Albia
414 1827 502 1885 oritur
517 1826 617 1885 flumen
629 1826 756 1887 inclitum

161 1927 189 1969 ot
203 1926 300 1971 notum
315 1911 399 1971 olim:
418 1932 498 1971 nunc
509 1927 616 1971 tantum
634 1913 755 1974 auditura

162 2005 248 2073 Juxta
260 1997 470 2059 Hermunduros
479 1998 595 2073 Narisci,
610 2013 641 2057 ac
652 1999 752 2061 deinde

163 2085 336 2144 Marcomani
347 2099 375 2142 et
387 2085 475 2159 Quadi
491 2100 589 2159 agunt.
611 2088 751 2165 praecipui

162 2164 403 2231 Marcomanorum
414 2170 501 2247 gloria
511 2169 656 2251 viresque,
673 2187 740 2253 atqu

161 2254 310 2335 ipsaniam
322 2255 407 2326 sedes,
426 2255 508 2337 pulfia
522 2257 589 2316 olim
602 2261 689 2328 Boiis,
700 2261 736 2317 vii

162 2356 223 2403 tute
235 2358 321 2423 parra.
350 2364 402 2403 nec
421 2343 525 2403 Nariici
538 2344 663 2419 Quadive
674 2346 726 2421 deg

161 2444 274 2488 nerant.
306 2449 392 2509 eaque
410 2432 571 2491 Germaniae
586 2431 661 2491 velut
675 2429 721 2489 fro

161 2510 218 2577 esta
238 2531 372 2597 qnatenus
389 2520 518 2579 Danubio
529 2522 659 2601 pergitur.
681 2522 712 2579 M
