1614 3300
174 177 230 237 168
278 186 682 234 mmmmm

170 279 247 354 gittis
260 275 337 356 spes,
349 276 527 356 quasjnopia
537 274 603 336 ferri
614 275 712 336 offibus
724 275 765 336 as·

115 359 119 364 ⁷
169 377 278 444 perant.
309 361 437 443 idemque
447 377 562 423 venatus
576 364 653 423 viros
664 363 769 444 pariter

170 447 325 509 acfeminas
332 448 390 508 alit.
403 448 492 528 paffim
501 451 576 508 enim
583 452 765 519 comitantur,

170 551 328 616 partemque
336 535 450 613 praedae
458 547 566 613 petunt.
578 555 632 593 nec
640 536 713 596 aliud
724 539 766 596 in·

170 620 290 682 fantibus
311 620 429 681 ferarum
447 620 632 698 imbriumque
651 618 765 697 suffugi·

170 727 235 783 um,
255 726 338 786 quam
347 721 379 766 ut
388 706 421 765 in
431 706 527 784 aliquo
538 724 678 766 ramorum
690 726 764 766 nexu

105 820 107 825 ’
169 807 369 871 contegantur;
381 795 434 852 huc
445 790 697 868 redeuntjuvenes,
709 794 764 851 hoc

168 878 264 940 senum
281 879 489 959 receptaculum.
521 876 550 954 id
567 877 672 938 beatius
692 881 763 937 arbi·

171 981 291 1042 uantur,
302 985 385 1046 quam
396 967 533 1045 ingemere
543 965 626 1044 agris,
637 964 763 1025 illabora-

169 1052 344 1128 redomibus,
355 1049 710 1133 suasnlienasquefortunas
718 1049 764 1132 spe

170 1137 421 1218 metuqueversare.
444 1136 764 1199 stcuriadversushomi·

169 1245 230 1301 nes,
240 1224 325 1286 securi
336 1221 463 1285 adversus
475 1224 552 1300 deos,
564 1245 623 1286 rem
633 1223 764 1285 difficilli-

169 1332 240 1371 mam
255 1310 362 1371 affecuti
373 1311 445 1383 sunt,
460 1324 490 1369 ut
506 1311 561 1370 illis
573 1330 608 1369 ne
618 1327 688 1371 voto
700 1313 763 1389 qui·
788 1346 802 1429 Ε

168 1397 230 1457 dem
238 1417 308 1477 opus
317 1394 357 1456 fit.
370 1397 521 1475 ceterajam
528 1393 661 1457 fabulosa:
674 1396 764 1458 ‘Hek
789 1424 802 1497 ⁵⁶³

168 1485 178 1517 ‘
190 1481 272 1543 lufios
281 1498 307 1543 et
317 1485 440 1544 Oxionas
447 1503 495 1542 ora
506 1486 649 1544 hominum
657 1482 763 1544 vultus·
788 1488 802 1567 ’ξ

167 1569 177 1601 ‘
190 1589 256 1649 que,
275 1589 393 1650 corpora
404 1586 486 1650 atque
497 1586 571 1631 artus
583 1570 700 1631 ferarum
711 1591 762 1649 ge·

166 1655 248 1715 ‘rere
258 1659 279 1728 ;’
298 1655 372 1736 quod
383 1677 437 1734 ego
448 1673 478 1716 ut
491 1659 709 1741 incompertum,
727 1659 760 1721 in

166 1742 287 1804 medium
295 1742 456 1822 relinquam.
