1614 3300
322 602 544 647 nrrtoous.
661 605 722 667 237

138 686 205 745 liunt
216 699 359 742 veneratus
370 682 417 757 est,
432 683 468 744 lic
479 683 552 762 quali
563 684 723 763 Augullunr.

139 790 176 829 ne
191 767 289 828 nostrie
307 770 416 848 quidem
432 770 608 847 temporibus,
626 777 725 829 Secun-

139 855 190 913 dus
200 856 369 933 Pomponius
382 853 450 912 Afro
460 848 598 925 Doinitio‚
612 854 655 914 vel
666 853 725 930 dig·

139 941 225 997 nitate
233 942 315 1012 vitre,
330 939 373 998 vel
383 942 562 1020 perpetuitate
574 938 662 998 lamae
671 936 726 998 ces·

139 1023 212 1085 serit.
225 1045 286 1085 narn
295 1023 439 1104 Crispuset
448 1024 602 1094 Marcellus,
613 1025 647 1085 ud
657 1044 727 1103 quo·

138 1131 199 1170 tum
210 1111 335 1190 exempla
346 1130 389 1170 me
398 1131 493 1184 vocas,
508 1111 573 1189 quid
585 1113 684 1170 habent
695 1111 732 1191 iu

138 1200 189 1256 huc
198 1195 329 1277 praesenti
338 1196 449 1255 fortuna
459 1196 725 1275 concupiscendum?

138 1303 174 1342 an
193 1283 275 1361 qnod-
287 1283 403 1341 timent?
425 1303 459 1339 an
478 1282 554 1361 quod
573 1282 725 1343 timentur?

139 1367 214 1446 qnod
228 1388 290 1426 cum
301 1366 415 1426 cottidie
428 1366 530 1446 uliquid
542 1384 683 1444 rogentur,
697 1369 726 1427 hi

137 1454 238 1530 quibus
249 1451 382 1530 praestant
392 1452 588 1529 indignantur?
604 1452 679 1531 quod
688 1453 728 1511 tl·

139 1539 216 1615 ligati
226 1558 287 1597 curn
294 1536 460 1611 adulatione,
472 1559 522 1598 uec
532 1539 726 1618 imperantibus

139 1644 267 1702 urnqnnrn
276 1621 339 1682 satis
349 1621 420 1683 servi
429 1623 568 1693 videntur,
583 1644 633 1684 nec
645 1626 726 1690 nobit

138 1707 202 1768 satis
219 1710 315 1769 liberi?
339 1729 409 1788 quae
427 1712 493 1770 haee
511 1708 612 1769 summa
631 1730 725 1770 eorum

137 1794 323 1874 potentinest?
338 1811 443 1855 tanturn
454 1793 525 1874 polle
533 1797 621 1854 liberti
629 1797 725 1856 solent.

138 1901 182 1939 tne
191 1901 256 1940 vero
264 1881 367 1951 dulces,
380 1897 411 1938 ut
421 1881 552 1957 Virgilius
567 1884 614 1951 ait,
626 1879 725 1950 mulne,

138 1980 275 2024 remotum
285 1984 302 2022 u
312 1964 549 2035 sollicitudinibus,
564 1969 684 2041 neuris,
698 1982 726 2026 et

138 2050 290 2110 necellitute
305 2051 419 2109 cottidie
433 2051 535 2130 aliquid
553 2067 651 2111 contre
668 2055 726 2111 aui·

137 2157 213 2196 mum
221 2135 348 2208 faciendi,
363 2137 390 2194 in
401 2135 527 2196 illasnctu
540 2137 653 2214 illosque
664 2137 725 2197 fon·

138 2221 301 2281 teu-ferunt:
325 2241 375 2282 nec
385 2221 509 2281 insonum
520 2224 589 2281 ultra
602 2240 628 2282 et
641 2223 725 2282 lubri-

136 2329 200 2369 cum
216 2308 307 2367 forum
318 2306 471 2387 sarnumque
484 2309 628 2385 pallentem
643 2311 726 2388 trepi-

137 2391 188 2451 dus
200 2394 338 2473 experiar3
355 2413 412 2452 non
422 2412 465 2451 me
475 2392 597 2452 fremitus
608 2390 726 2453 salutan-

138 2479 224 2552 tiutn,
253 2499 304 2539 nee
324 2478 452 2539 anhelans
473 2479 585 2537 libertus
604 2482 724 2540 excitett

138 2583 191 2622 uec
209 2566 331 2625 incertus
348 2563 450 2632 futuri,
470 2561 655 2622 testamentum
673 2584 725 2643 pro

139 2650 253 2728 pignore
275 2649 407 2708 scribamt
433 2668 484 2706 nee
507 2647 568 2726 plus
595 2650 725 2723 habeam,

144 2753 220 2813 puuut
231 2733 306 2815 quod
314 2735 406 2815 polfirn
415 2734 458 2791 cui
466 2733 546 2793 veliin
557 2734 726 2812 relinquere,

149 2819 368 2901 tuendorumque
379 2818 468 2879 intulit
477 2832 511 2893 ,et
525 2838 600 2879 ruent
608 2818 666 2879 diet
677 2838 727 2878 ve·

155 2907 213 2982 iet3
230 2891 382 2992 llutuarque
393 2903 499 2967 tumulo
506 2923 566 2968 non
574 2903 727 2970 moestutet
