1614 3300
106 164 168 221 214
212 157 628 204 muneraremur

103 263 135 307 to
148 246 311 322 Agricolae,
329 264 387 322 quo
401 242 566 305 coheredem
581 250 729 323 optim„

103 334 187 393 uxori
212 350 240 388 et
264 331 389 409 piissimae
412 328 486 389 filiae
507 331 714 399 Domitiam

104 416 225 499 scripsit,
246 416 375 475 laetatum
397 435 479 489 eum,
508 414 589 473 velut
610 420 701 475 hono·

106 524 135 565 re
152 504 329 583 judicioque:
350 517 404 559 tum
423 520 504 561 caeca
522 514 553 559 et
573 518 695 583 eorrupn

103 611 181 652 mens
192 589 298 648 affiduie
310 588 512 647 adulationibus
523 604 598 659 eret,
610 603 642 647 ut
652 606 694 647 ne·

103 677 181 736 sciret
196 678 300 734 abono
310 689 386 753 patre
398 692 456 732 non
468 670 547 733 scribi
561 674 695 749 heredem,

103 762 153 821 nisi
163 760 263 819 malum
275 761 434 839 principem.
481 765 575 819 Netum
591 768 713 841 erati-g

103 846 206 923 gricoiu
228 845 298 923 Cajo
317 844 429 905 Caesare
449 846 563 905 tertium
587 846 695 909 consule
714 880 721 899 -·

105 933 176 994 ldib.
192 936 300 1009 Juniis:
315 931 422 991 exceffit
433 928 547 991 sextoet
558 936 694 1013 quinqua·

103 1019 203 1099 gesimo
212 1038 298 1085 anno,
307 1016 412 1076 decimo
420 1016 475 1075 kas.
482 1022 624 1097 Septemb.
635 1018 694 1079 Coi·

105 1110 165 1185 lega
177 1104 324 1185 Priseoque
339 1100 508 1164 consulibus.
529 1104 610 1181 quod
620 1104 641 1165 si
651 1108 693 1165 be·

104 1194 193 1252 bitum
211 1211 323 1270 quoque
338 1190 398 1270 ejus
411 1188 510 1269 posteri
526 1190 694 1253 noscereve·

104 1279 168 1352 lint,
179 1278 318 1338 decentior
331 1296 412 1354 quum
421 1274 561 1335 sublimior
569 1276 643 1351 suit;
658 1276 694 1337 ui·

104 1365 143 1427 hil
155 1381 243 1424 metus
255 1366 284 1427 in
296 1363 390 1433 vultu;
409 1362 497 1439 gratia
514 1364 573 1420 orie
592 1362 694 1447 supere·

104 1467 163 1522 rat;
180 1453 283 1509 bonurn
293 1446 614 1525 virnmfucilecrederee,
625 1470 695 1529 mog·

106 1556 172 1597 num
188 1536 313 1594 libenter.
348 1549 377 1593 et
392 1532 447 1613 ipse
459 1532 583 1613 quidem,
603 1556 695 1618 quem·
724 1558 738 1639 p

104 1642 187 1701 quum
200 1620 292 1680 medio
308 1622 336 1677 in
355 1616 443 1697 spatio
461 1622 583 1697 integrae
602 1622 695 1683 eetutit

103 1722 227 1786 ereptus;
250 1719 384 1784 quantum
397 1706 432 1765 ad
446 1705 563 1783 gloriam
578 1705 696 1787 lougiffi·

103 1812 283 1853 mumaevum
294 1792 405 1869 peregit.
430 1796 696 1871 quippeetvertbo·

104 1899 149 1951 na,
167 1878 278 1955 quaein
290 1879 436 1937 virtutibus
447 1877 495 1937 sita
506 1876 581 1953 sunt,
602 1880 696 1963 imple·

102 1979 192 2036 verat,
202 1979 230 2021 et
243 1960 429 2022 consularibus
439 1985 471 2024 ac
485 1966 695 2045 triumphalibus

101 2052 273 2109 ornamentis
282 2047 417 2128 praedito,
431 2049 497 2128 quid
509 2051 582 2110 aliud
594 2053 695 2115 adsim·

101 2134 265 2193 erosurtune
277 2135 402 2213 poterat?
415 2136 514 2213 opibus
527 2139 621 2197 nimiis
637 2158 695 2201 nou

102 2220 254 2297 gaudebat,
274 2217 406 2299 speciosae
424 2224 616 2299 contigerante
640 2226 697 2287 filie

99 2324 182 2385 atque
194 2326 279 2365 uxore
294 2303 485 2384 superstitibus,
506 2306 593 2385 potest
606 2312 696 2373 videri

98 2395 180 2451 etium
199 2394 306 2465 beatus,
331 2392 463 2452 incolumi
481 2392 624 2470 dignitate,
643 2398 696 2458 flo·

98 2494 176 2540 toute
188 2478 270 2558 sarua,
285 2477 363 2539 salvis
375 2477 553 2541 affinitatibus
562 2496 590 2541 et
601 2486 697 2547 amici·
