1614 3300
67 260 129 319 252
193 265 524 311 nauataonuuos

66 365 138 423 mae,
156 363 187 409 ut
199 349 301 413 sumere
317 355 346 412 iu
359 373 474 422 manus,
492 369 522 414 et
539 349 657 433 aspicere

66 431 170 517 saepius
181 436 273 498 liceat:
291 438 423 518 quaedam
434 460 502 500 vero
510 438 606 518 procul
615 457 657 497 at·

67 540 200 598 ceantur,
219 543 249 585 ut
259 526 315 603 jam
326 525 481 585 oblitterata
492 542 519 584 et
537 525 655 584 olentia:

68 609 174 671 nullum
185 609 217 671 fit
228 615 341 672 verbum
351 612 426 673 velut
440 613 566 688 rubigine
574 609 658 671 intec-

68 710 145 767 tum,
160 698 229 758 nulli
239 697 329 758 sensus
344 699 421 758 tarda
431 715 460 757 et
476 699 558 757 inerti
574 696 658 756 strue-

68 797 142 856 tuta,
156 785 186 842 in
198 805 302 844 murem
315 786 475 854 Annalium,
485 803 659 862 componan-

70 882 130 928 tur:
146 868 232 948 fugiat
247 871 354 931 foedam
366 888 394 930 et
406 868 529 930 insulsam
541 868 661 930 scutriti·

69 968 166 1031 tatem,
185 960 272 1018 variet
282 957 520 1038 compofitionem,
535 976 588 1015 nec
598 976 660 1016 om·

69 1062 120 1102 nes
128 1043 257 1104 clausulas
266 1064 323 1104 unu
332 1059 359 1103 et
369 1042 464 1102 eodem
472 1042 558 1102 modo
566 1042 660 1102 termi-

69 1145 129 1190 net.
174 1130 250 1190 Nolo
260 1130 373 1190 irridere
388 1129 499 1189 ‘rotam
514 1127 654 1205 fortunae,
663 1151 699 1212 23

70 1221 79 1276 f
91 1232 118 1275 et
130 1219 178 1294 jus
189 1218 367 1290 Verrinum,'
379 1229 406 1274 et
417 1214 484 1274 illud
499 1216 581 1274 tertio
589 1235 661 1296 quo·

68 1321 124 1380 que
134 1301 207 1361 sensu
222 1305 251 1363 in
260 1306 390 1362 omnibus
403 1322 454 1382 pto
465 1299 601 1361 sententia
609 1320 662 1382 po·

67 1385 157 1456 fitum,
169 1388 388 1449 ‘effevideatun’
411 1408 475 1448 nam
486 1402 514 1446 et
521 1389 575 1447 hoc
587 1389 662 1447 invi·

69 1489 114 1532 tus
125 1476 229 1550 rettuli,
246 1491 275 1535 et
289 1476 367 1556 plura
378 1472 465 1549 omifi,
484 1493 554 1554 quae
568 1488 664 1534 tamen

68 1557 127 1621 sola
145 1563 279 1622 mirantur
296 1578 377 1641 atque
395 1562 555 1641 exprimunt
569 1561 599 1618 hi
612 1561 664 1641 qu't

72 1645 119 1706 ‘se
137 1651 267 1728 antiquos
286 1651 417 1708 oratores’
428 1663 549 1720 vocant3
573 1649 662 1706 nemi·

69 1753 132 1794 nem
139 1737 299 1807 nominabo,
306 1755 391 1812 genus
399 1734 544 1794 homiuum
552 1730 663 1810 fignaffe

69 1834 234 1880 contentus:
256 1819 393 1881 sedvubis
407 1823 502 1899 utique
521 1817 664 1879 vensantut

70 1921 135 1966 ante
146 1906 253 1979 oculos,
264 1908 312 1987 qui
322 1908 458 1967 Lucilium
471 1926 521 1985 pro
529 1909 662 1979 Horatio,

68 2007 98 2051 et
107 1993 264 2054 Lucretium
276 2013 328 2070 pro
343 1994 464 2068 Virgilio
475 1994 581 2068 legunt,
600 1994 664 2072 qui·

69 2079 121 2138 bus
129 2079 333 2160 eloquentiatui
344 2079 447 2139 Aufidii
456 2079 532 2152 Baffi,
545 2094 593 2137 aut
602 2087 662 2138 Ser·

70 2167 129 2226 vitii
138 2168 314 2239 Noniani,ex
321 2163 663 2246 comparationesisennae

69 2269 117 2312 aut
124 2254 259 2314 Varronis
270 2250 373 2324 sordet3
387 2254 436 2332 qui
448 2255 590 2311 rhetorum
598 2250 662 2312 uos·

71 2353 176 2400 trorum
195 2341 406 2398 commentarios
422 2336 577 2410 fastidiunt,
595 2338 662 2398 ode·

70 2442 153 2497 tunt3
163 2426 241 2487 Calvi
249 2428 398 2485 mirantur:
411 2444 565 2503 quosnuotn
573 2424 662 2503 prisco

71 2513 143 2592 apud
151 2511 272 2588 judicem
280 2511 442 2584 fabulantes,
455 2530 513 2569 non
521 2510 661 2570 auditores

72 2597 232 2680 sequuntur,
251 2619 310 2663 uon
322 2599 439 2682 populus
454 2596 542 2675 audit,
554 2599 604 2658 vix
615 2597 661 2660 de·
