1614 3300
66 196 124 257 108
163 207 572 256 c.conuuuiinucin1

63 296 124 356 dica
133 301 230 357 arbor:
248 296 399 379 utquisque
411 316 499 355 ramus
512 292 652 365 intumuit,

64 381 84 441 fi
103 386 159 443 vim
184 383 246 443 ferri
269 384 404 453 adhibeas,
428 396 531 462 pavent
550 398 652 449 venae;

64 468 198 546 fragmine
214 471 321 549 lapidis,
342 483 388 526 aut
405 467 468 526 testa
481 469 656 544 aperiuntur3

65 559 165 615 humor
173 559 203 615 in
214 556 260 615 usu
272 555 437 614 medentium
446 552 493 611 est.
515 555 656 628 praecipu·

65 661 112 699 um
122 645 257 701 montium
265 636 656 716 Libanumerigitmirumdic·

65 740 107 799 tu,
119 741 212 786 tantos
226 731 298 786 inter
309 728 419 786 ardores
430 746 545 804 opacum
558 723 655 782 fidum-

65 831 120 886 que
130 816 250 890 niuibus.
272 813 343 872 idem
354 832 460 870 amnem
470 811 656 884 Jordanema·

63 895 108 968 iit,
123 897 278 977 funditque.
301 920 352 959 nec
364 897 494 974 Jordanes
507 897 602 974 pelago
611 916 657 953 ac·

64 984 174 1062 cipitur.
197 984 241 1044 sed
255 1006 337 1043 unum
349 1000 431 1062 atque
440 983 552 1041 alterum
565 983 656 1041 lacum

64 1070 169 1146 integer
177 1072 300 1150 perfluitz
319 1073 401 1128 tertio
414 1072 557 1127 retinetur.
580 1068 656 1125 lacus

63 1155 196 1215 immenso
209 1159 322 1223 ambitu,
341 1155 427 1235 specie
442 1157 537 1227 maris,
561 1152 656 1232 sapore

62 1245 232 1321 corruptior,
241 1244 374 1319 gravitate
382 1237 653 1316 odorisaccoiispes·

62 1323 135 1402 mser,
148 1348 234 1405 neque
244 1342 328 1385 vento
337 1325 495 1403 impellitur,
504 1345 593 1400 neque
603 1322 655 1398 pis·

62 1432 107 1470 ces
131 1428 179 1471 aut
202 1412 379 1488 suetasaquis
401 1409 526 1468 volucres
542 1410 653 1485 patitui.

62 1498 182 1557 incertae
193 1499 282 1557 undae
294 1496 451 1577 superjaeim
464 1513 494 1555 ut
506 1493 605 1568 solido,
617 1491 631 1550 f
643 1524 655 1537 ·

62 1601 176 1644 runtur:
203 1587 280 1663 periti
293 1586 466 1663 imperitique
478 1583 573 1654 nandi,
596 1602 656 1659 per·

61 1670 127 1730 inde
139 1671 314 1730 attolluntur.
338 1685 414 1728 certo
430 1672 506 1741 anni,
530 1672 655 1726 bitumen

61 1757 162 1833 egerit:
184 1757 262 1831 cujus
274 1754 383 1832 legendi
402 1753 489 1826 usum,
509 1770 539 1810 ut
554 1768 655 1811 ceteras

61 1843 319 1919 umes,experientia
327 1840 430 1898 docuit.
444 1853 501 1896 ater
509 1837 599 1916 suapte
608 1859 655 1895 nn·

61 1942 123 1986 tura
134 1927 238 2005 liquor,
260 1939 288 1982 et
303 1923 392 2003 sparso
411 1941 487 1982 aceto
499 1942 655 1998 concretus,

60 2014 186 2081 innatat3
199 2014 272 2068 hunc
281 2031 363 2069 manu
375 2026 496 2088 captum,
515 2013 614 2088 quibus
623 2032 656 2069 ea

60 2118 134 2170 cura,
144 2100 174 2155 in
184 2095 286 2155 summa
295 2099 375 2155 navis
384 2100 509 2155 trahunt.
521 2095 655 2155 indenui·

60 2183 89 2240 lo
99 2183 216 2258 juvante
227 2184 329 2255 influit,
347 2199 498 2260 oneratque
506 2182 594 2239 donec
606 2186 654 2240 ab·

61 2267 184 2338 scindas3
196 2267 583 2327 necabscindereacreferrove
593 2269 654 2344 pos·

61 2352 110 2412 fis:
135 2354 205 2429 fugit
216 2375 342 2412 cruorem
355 2353 509 2430 vestemque
528 2354 654 2414 inseiium

62 2437 197 2514 sanguine,
211 2439 390 2514 quoseminue
400 2460 445 2515 per
455 2437 556 2496 menses
565 2439 653 2498 exsol-

63 2542 179 2606 uunturj
202 2523 236 2582 iic
245 2539 350 2584 veteres
364 2530 497 2584 nudiores.
521 2522 563 2582 sed
572 2528 653 2603 gnari
