1614 3300
202 496 637 543 ntsroetinunttn.iv.
684 483 726 563 87

133 575 146 616 t
156 584 564 660 gentorumannorutnfortuna
571 582 726 664 disciplina·

131 669 209 749 ‘que
217 690 364 750 compages
373 673 438 729 haec
445 671 561 729 coaluit:
583 691 726 750 queecon·

131 754 217 816 ‘velli
227 755 280 815 fine
288 761 375 816 exitio
384 759 596 816 convellentium
607 779 662 816 non
672 780 725 838 po·

130 843 217 903 ‘testi
237 841 280 902 sed
301 847 381 903 vobis
398 850 547 902 niaximum
568 840 724 922 discrimen,

130 929 237 1010 ‘penes
247 951 318 1009 quos
328 923 544 1009 autumet'open
565 933 724 1010 praecipuae

128 1015 288 1077 ‘bellorum
308 1015 420 1077 caulste.
448 1017 565 1094 proinde
585 1038 678 1096 pacem
694 1032 723 1077 et

126 1102 255 1171 ‘urbem
277 1124 358 1182 quam
375 1104 438 1162 vicli
451 1103 722 1181 vilioresqneeotlem

128 1189 212 1269 ‘jure
231 1192 399 1264 obtinemus,
422 1203 522 1258 amate,
543 1189 636 1249 colite.
660 1213 721 1250 mo·

126 1276 138 1310 ‘
150 1290 233 1335 neant
241 1273 722 1353 vosutriusquefortunaedocomen·

126 1367 189 1437 ‘ta‚
220 1384 255 1422 ne
275 1365 476 1421 contumaciam
501 1382 563 1420 cum
589 1365 720 1436 pernicie,

124 1449 137 1486 ‘
149 1471 232 1530 quam
245 1449 405 1528 obsequium
418 1470 479 1507 cum
490 1446 630 1507 securitate
642 1449 719 1508 mali-

125 1536 137 1570 ‘
149 1540 206 1596 tin’
230 1536 276 1595 tali
289 1538 415 1594 oratione
426 1537 553 1612 graviora
572 1537 717 1596 metuentis

84 1622 455 1702 75cotnposuit‚erexitque.
475 1624 719 1681 Tenebanturvic·

126 1727 186 1789 rore
200 1711 321 1768 exercitu
344 1711 469 1777 Treveri,
495 1728 557 1766 cum
574 1709 669 1766 Civilis
690 1724 719 1769 et

82 1822 94 1830 ·
126 1796 255 1855 Classicus
273 1793 366 1853 misere
382 1795 506 1871 epistolis
522 1794 554 1851 ad
574 1795 718 1868 Cerialem,

124 1903 241 1962 quarum
251 1886 315 1940 haec
328 1883 458 1939 sententia
468 1880 533 1938 suit:
556 1882 565 1910 ‘
580 1877 720 1942 Vesoasm·

125 1975 135 2002 ⁴
149 1991 227 2037 num,
239 1988 403 2047 quamquam
414 1969 526 2026 nuntios
535 1966 718 2042 occultarent,

125 2055 279 2115 ‘excellilse
297 2060 363 2114 vita.
387 2057 481 2112 urbem
501 2068 582 2130 atque
600 2051 716 2122 ltaliam,

122 2143 261 2202 ‘interno
276 2142 347 2201 bello
366 2139 564 2210 consumptam.
594 2140 716 2198 Muciani

122 2230 179 2290 ‘ac
193 2230 350 2288 Domitiani
361 2248 429 2284 vana
442 2245 468 2286 et
483 2226 535 2284 fine
548 2227 652 2282 viribus
665 2245 718 2283 no·

122 2316 134 2350 ‘
150 2320 237 2376 mina.
262 2315 405 2375 fiCerialis
419 2315 559 2391 imperium
568 2312 718 2371 Galliarum

124 2409 133 2435 ‘
149 2403 227 2475 velit,
252 2400 324 2480 ipsos
339 2399 439 2458 finibus
458 2400 597 2456 civitatum
612 2399 717 2457 suarum

122 2490 133 2523 ‘
146 2505 315 2548 contentos:
340 2485 357 2544 li
371 2487 505 2564 proelium
519 2483 622 2552 muller,
643 2504 677 2539 ne
689 2483 717 2542 id

121 2576 133 2610 ‘
147 2576 256 2656 quidem
270 2575 407 2632 abunere?
429 2571 462 2628 ad
475 2568 718 2630 eaCerinlisCivili

121 2679 152 2723 et
164 2652 277 2721 Clalfico
286 2659 369 2726 nihil;
384 2679 444 2717 eum
455 2661 502 2734 qui
512 2656 639 2715 attulerat
649 2654 719 2732 ipsas

121 2748 262 2828 epistolas,
282 2745 314 2802 ad
325 2746 512 2803 Domitianum
526 2742 606 2801 misit.
628 2740 717 2799 holles

121 2833 215 2898 divisis
224 2833 309 2915 copiis
317 2831 450 2894 advenere
457 2830 586 2910 undique.
595 2828 719 2910 plerique
