1614 3300
161 178 223 262 136
269 196 667 242 meorumnam-rr

155 284 265 343 feminis
277 283 421 357 restitutas,
434 283 585 344 constantia
597 304 708 363 precum
720 299 747 344 et

155 372 263 448 objeuu
274 377 457 447 pectorumsst
466 370 612 430 monstrata
621 375 747 430 cominus

155 459 329 536 captivitate,
352 478 433 536 quam
455 457 539 532 longe
561 460 747 534 impatientius

154 543 315 602 feminarum
323 541 426 601 suarum
432 546 543 601 nomine
551 545 667 601 timent:
678 545 746 603 adeo

154 646 185 688 ut
196 630 330 688 efficacius
342 629 499 704 obligentur
509 631 592 685 animi
602 631 743 688 civitatum

154 718 253 792 quibus
264 719 334 773 inter
341 713 445 773 obsides
455 715 558 793 puellae
570 733 680 791 quoque
692 736 743 772 no·

153 803 220 859 biles
230 804 407 880 imperantur.
432 799 672 876 inellequinetium
684 799 745 858 sau·

152 891 225 945 llum
241 888 354 963 aliquid,
366 903 393 944 et
404 885 550 963 providum
563 901 676 963 putant:
694 908 745 948 nec

153 990 200 1031 aut
212 972 320 1032 consilia
334 992 424 1029 earum
437 971 620 1047 aspernantur,
642 991 688 1030 aut
702 995 744 1032 re-

152 1058 249 1138 fponla
259 1060 407 1134 negligunt.
419 1059 538 1116 vidimus
548 1058 593 1116 sub
602 1060 669 1117 divo
677 1061 746 1119 Ves-

152 1145 261 1224 pasiano
273 1144 426 1210 Veledam,
448 1143 492 1201 din
505 1146 578 1221 apud
596 1145 741 1225 plerosque

151 1234 274 1289 numinis
286 1231 349 1289 loeo
361 1234 489 1288 habitam.
516 1231 559 1290 sed
569 1246 596 1291 et
606 1232 671 1289 olim
683 1239 742 1290 Au·

151 1316 740 1396 riniam,etcomplureisaliasveneratilunt,

150 1424 211 1463 non
225 1404 390 1475 adulatione,
408 1425 458 1463 nec
471 1420 610 1482 tamquam
620 1401 741 1462 facerent

150 1490 224 1549 deas.
259 1500 376 1548 Deorum
388 1496 504 1548 menime
516 1492 679 1551 Mercurium
688 1510 762 1571 co·9

149 1579 222 1649 lunt,
247 1580 289 1636 eui
307 1580 387 1633 certis
402 1578 507 1640 diebus,
528 1579 655 1636 humanis
670 1596 743 1654 quo-

150 1683 204 1741 que
220 1661 312 1720 holliis
325 1663 402 1720 litare
414 1663 453 1720 las
463 1667 573 1722 habent.
596 1664 743 1725 Herculem

149 1749 743 1827 acllartrmconeeffisanimalibuaplacant:

149 1854 211 1914 pars
224 1842 372 1892 Suevorum
385 1851 411 1893 et
426 1835 484 1894 lsrdi
502 1835 642 1895 sacrificat.
668 1837 742 1897 unde

149 1920 236 1980 caussa
247 1939 273 1978 et
285 1925 364 1993 origo
380 1926 524 1998 peregrino
536 1921 621 1996 sacro,
645 1943 742 2000 parum

148 2009 278 2083 comperi,
291 2006 338 2064 nifi
348 2007 423 2084 qnod
433 2007 534 2084 lignum
544 2007 631 2088 ipsum
642 2011 668 2066 in
681 2030 742 2067 mo·

149 2092 740 2168 duniliburnaefiguratum,ducetadvenam

148 2181 321 2256 religionem.
343 2195 462 2237 ceterum
471 2202 521 2238 nee
532 2182 658 2239 cohibere
667 2182 742 2258 pari·

148 2267 236 2323 etibns
249 2265 326 2332 deon,
342 2284 432 2340 neque
448 2268 475 2322 in
487 2265 567 2324 ullam
580 2268 693 2325 humani
706 2287 741 2323 o-

148 2353 186 2409 ris
199 2351 312 2428 speciem
328 2349 475 2421 affimilare‚
500 2373 534 2409 ex
550 2349 740 2429 magnitudine

148 2434 298 2495 caelestium
310 2440 493 2509 arbitrantur3
517 2437 592 2497 lucos
602 2460 633 2497 ac
643 2457 739 2496 nemo·

148 2543 178 2582 ra
194 2519 365 2600 consecrant,
388 2525 558 2604 deorumque
576 2526 741 2587 nominibus
