<?xml version="1.0" encoding="UTF-8"?>
<!DOCTYPE html PUBLIC "-//W3C//DTD XHTML 1.0 Transitional//EN"
    "http://www.w3.org/TR/xhtml1/DTD/xhtml1-transitional.dtd">
<html xmlns="http://www.w3.org/1999/xhtml" xml:lang="en" lang="en">
 <head>
  <title>
</title>
<meta http-equiv="Content-Type" content="text/html;charset=utf-8" />
  <meta name='ocr-system' content='tesseract 3.04.00' />
  <meta name='ocr-capabilities' content='ocr_page ocr_carea ocr_par ocr_line ocrx_word'/>
</head>
<body>
  <div class='ocr_page' id='page_1' title='image "./ccorneliitaciti00tacigoog_0066.png"; bbox 0 0 1614 3300; ppageno 0'>
   <div class='ocr_carea' id='block_1_1' title="bbox 170 482 695 553">
    <p class='ocr_par' dir='ltr' id='par_1_1' title="bbox 170 482 695 553">
     <span class='ocr_line' id='line_1_1' title="bbox 170 482 695 553; baseline -0.008 -21"><span class='ocrx_word' id='word_1_1' title='bbox 170 489 466 533; x_wconf 75' lang='lat' dir='ltr'>nrtronrnnnre</span> <span class='ocrx_word' id='word_1_2' title='bbox 488 486 621 531; x_wconf 67' lang='lat' dir='ltr'>utnrv.</span> <span class='ocrx_word' id='word_1_3' title='bbox 652 482 695 553; x_wconf 81' lang='lat'>53</span> 
     </span>
    </p>
   </div>
   <div class='ocr_carea' id='block_1_2' title="bbox 56 567 796 2882">
    <p class='ocr_par' dir='ltr' id='par_1_2' title="bbox 56 567 796 2882">
     <span class='ocr_line' id='line_1_2' title="bbox 107 567 696 648; baseline -0.003 -18"><span class='ocrx_word' id='word_1_4' title='bbox 107 567 696 648; x_wconf 79' lang='lat' dir='ltr'>‘paratimaffistere&#39;jubet.illoeprimutsta·</span> 
     </span>
     <span class='ocr_line' id='line_1_3' title="bbox 108 654 696 735; baseline 0.003 -21"><span class='ocrx_word' id='word_1_5' title='bbox 108 659 159 716; x_wconf 90' lang='lat' dir='ltr'>tim</span> <span class='ocrx_word' id='word_1_6' title='bbox 169 654 524 735; x_wconf 70' lang='lat' dir='ltr'>aspectuuobstupefecerat3</span> <span class='ocrx_word' id='word_1_7' title='bbox 539 655 696 716; x_wconf 78' lang='lat' dir='ltr'>curnexdi·</span> 
     </span>
     <span class='ocr_line' id='line_1_4' title="bbox 109 741 696 814; baseline 0 -13"><span class='ocrx_word' id='word_1_8' title='bbox 109 741 189 801; x_wconf 87' lang='lat' dir='ltr'>verso</span> <span class='ocrx_word' id='word_1_9' title='bbox 200 742 275 799; x_wconf 88' lang='lat' dir='ltr'>velut</span> <span class='ocrx_word' id='word_1_10' title='bbox 284 743 366 801; x_wconf 76' lang='lat' dir='ltr'>aciem</span> <span class='ocrx_word' id='word_1_11' title='bbox 376 742 436 800; x_wconf 79' lang='lat' dir='ltr'>telis</span> <span class='ocrx_word' id='word_1_12' title='bbox 447 757 474 800; x_wconf 92' lang='lat' dir='ltr'>et</span> <span class='ocrx_word' id='word_1_13' title='bbox 482 744 564 800; x_wconf 83' lang='lat' dir='ltr'>armis</span> <span class='ocrx_word' id='word_1_14' title='bbox 573 756 696 814; x_wconf 73' lang='lat' dir='ltr'>trucem</span> 
     </span>
     <span class='ocr_line' id='line_1_5' title="bbox 107 824 698 906; baseline -0.002 -20"><span class='ocrx_word' id='word_1_15' title='bbox 107 825 193 886; x_wconf 85' lang='lat' dir='ltr'>semet</span> <span class='ocrx_word' id='word_1_16' title='bbox 200 824 302 886; x_wconf 80' lang='lat' dir='ltr'>clausos</span> <span class='ocrx_word' id='word_1_17' title='bbox 314 827 454 906; x_wconf 85' lang='lat' dir='ltr'>nudosque</span> <span class='ocrx_word' id='word_1_18' title='bbox 465 842 493 886; x_wconf 87' lang='lat' dir='ltr'>et</span> <span class='ocrx_word' id='word_1_19' title='bbox 504 827 596 886; x_wconf 80' lang='lat' dir='ltr'>illuvie</span> <span class='ocrx_word' id='word_1_20' title='bbox 605 827 698 885; x_wconf 84' lang='lat' dir='ltr'>desor-</span> 
     </span>
     <span class='ocr_line' id='line_1_6' title="bbox 108 911 698 992; baseline -0.002 -20"><span class='ocrx_word' id='word_1_21' title='bbox 108 933 166 972; x_wconf 80' lang='lat' dir='ltr'>met</span> <span class='ocrx_word' id='word_1_22' title='bbox 178 912 337 992; x_wconf 82' lang='lat' dir='ltr'>aspicerent.</span> <span class='ocrx_word' id='word_1_23' title='bbox 359 928 464 972; x_wconf 80' lang='lat' dir='ltr'>utrem</span> <span class='ocrx_word' id='word_1_24' title='bbox 473 911 698 972; x_wconf 82' lang='lat' dir='ltr'>bucillncdistra·</span> 
     </span>
     <span class='ocr_line' id='line_1_7' title="bbox 103 1003 698 1078; baseline -0.003 -19"><span class='ocrx_word' id='word_1_25' title='bbox 103 1003 135 1062; x_wconf 69' lang='lat' dir='ltr'>‘hi</span> <span class='ocrx_word' id='word_1_26' title='bbox 148 1019 274 1078; x_wconf 86' lang='lat' dir='ltr'>coepere,</span> <span class='ocrx_word' id='word_1_27' title='bbox 296 1013 385 1057; x_wconf 80' lang='lat' dir='ltr'>metue</span> <span class='ocrx_word' id='word_1_28' title='bbox 396 1019 560 1077; x_wconf 83' lang='lat' dir='ltr'>peromnes,</span> <span class='ocrx_word' id='word_1_29' title='bbox 580 1013 607 1057; x_wconf 88' lang='lat' dir='ltr'>ct</span> <span class='ocrx_word' id='word_1_30' title='bbox 619 1017 698 1078; x_wconf 87' lang='lat' dir='ltr'>prae·</span> 
     </span>
     <span class='ocr_line' id='line_1_8' title="bbox 104 1083 698 1165; baseline -0.003 -19"><span class='ocrx_word' id='word_1_31' title='bbox 104 1088 187 1165; x_wconf 74' lang='lat' dir='ltr'>&#39;cipua</span> <span class='ocrx_word' id='word_1_32' title='bbox 201 1086 356 1144; x_wconf 81' lang='lat' dir='ltr'>Germanici</span> <span class='ocrx_word' id='word_1_33' title='bbox 369 1085 463 1142; x_wconf 81' lang='lat' dir='ltr'>militis</span> <span class='ocrx_word' id='word_1_34' title='bbox 477 1083 607 1159; x_wconf 82' lang='lat' dir='ltr'>formido,</span> <span class='ocrx_word' id='word_1_35' title='bbox 626 1101 698 1144; x_wconf 79' lang='lat' dir='ltr'>tant·</span> 
     </span>
     <span class='ocr_line' id='line_1_9' title="bbox 56 1168 697 1252; baseline 0.002 -23"><span class='ocrx_word' id='word_1_36' title='bbox 56 1183 59 1189; x_wconf 86' lang='lat'>&#39;</span> <span class='ocrx_word' id='word_1_37' title='bbox 101 1191 187 1252; x_wconf 71' lang='lat' dir='ltr'>quam</span> <span class='ocrx_word' id='word_1_38' title='bbox 202 1168 450 1250; x_wconf 81' lang='lat' dir='ltr'>easeparntionead</span> <span class='ocrx_word' id='word_1_39' title='bbox 462 1169 568 1229; x_wconf 82' lang='lat' dir='ltr'>caedem</span> <span class='ocrx_word' id='word_1_40' title='bbox 582 1170 697 1230; x_wconf 76' lang='lat' dir='ltr'>destinc-</span> 
     </span>
     <span class='ocr_line' id='line_1_10' title="bbox 106 1253 696 1336; baseline 0.003 -21"><span class='ocrx_word' id='word_1_41' title='bbox 106 1253 696 1336; x_wconf 67' lang='lat' dir='ltr'>rentumprensarecommanipularinmpec·</span> 
     </span>
     <span class='ocr_line' id='line_1_11' title="bbox 60 1340 697 1418; baseline 0.002 -18"><span class='ocrx_word' id='word_1_42' title='bbox 60 1364 63 1376; x_wconf 92' lang='lat'>·</span> <span class='ocrx_word' id='word_1_43' title='bbox 108 1358 182 1414; x_wconf 66' lang='lat' dir='ltr'>tora,</span> <span class='ocrx_word' id='word_1_44' title='bbox 200 1343 472 1416; x_wconf 70' lang='lat' dir='ltr'>cervicibusinnecti,</span> <span class='ocrx_word' id='word_1_45' title='bbox 492 1340 697 1418; x_wconf 86' lang='lat' dir='ltr'>supremaoscu·</span> 
     </span>
     <span class='ocr_line' id='line_1_12' title="bbox 109 1425 696 1506; baseline 0.003 -20"><span class='ocrx_word' id='word_1_46' title='bbox 109 1426 137 1486; x_wconf 84' lang='lat' dir='ltr'>la</span> <span class='ocrx_word' id='word_1_47' title='bbox 148 1442 247 1506; x_wconf 88' lang='lat' dir='ltr'>petere,</span> <span class='ocrx_word' id='word_1_48' title='bbox 264 1429 274 1459; x_wconf 83' lang='lat'><em>⁴</em></span> <span class='ocrx_word' id='word_1_49' title='bbox 287 1448 322 1486; x_wconf 91' lang='lat' dir='ltr'>ne</span> <span class='ocrx_word' id='word_1_50' title='bbox 332 1425 517 1487; x_wconf 80' lang='lat' dir='ltr'>desererentur</span> <span class='ocrx_word' id='word_1_51' title='bbox 529 1425 589 1504; x_wconf 87' lang='lat' dir='ltr'>soli,</span> <span class='ocrx_word' id='word_1_52' title='bbox 600 1448 653 1486; x_wconf 87' lang='lat' dir='ltr'>neu</span> <span class='ocrx_word' id='word_1_53' title='bbox 665 1431 696 1488; x_wconf 87' lang='lat' dir='ltr'>in</span> 
     </span>
     <span class='ocr_line' id='line_1_13' title="bbox 108 1511 696 1592; baseline 0.005 -21"><span class='ocrx_word' id='word_1_54' title='bbox 108 1511 120 1546; x_wconf 91' lang='lat'>‘</span> <span class='ocrx_word' id='word_1_55' title='bbox 132 1514 189 1592; x_wconf 84' lang='lat' dir='ltr'>pari</span> <span class='ocrx_word' id='word_1_56' title='bbox 197 1511 273 1572; x_wconf 83' lang='lat' dir='ltr'>causa</span> <span class='ocrx_word' id='word_1_57' title='bbox 284 1511 417 1592; x_wconf 75' lang='lat' dir='ltr'>disparem</span> <span class='ocrx_word' id='word_1_58' title='bbox 424 1513 564 1574; x_wconf 83' lang='lat' dir='ltr'>fortunam</span> <span class='ocrx_word' id='word_1_59' title='bbox 572 1530 696 1592; x_wconf 80' lang='lat' dir='ltr'>pateren-</span> 
     </span>
     <span class='ocr_line' id='line_1_14' title="bbox 101 1599 696 1668; baseline 0.007 -11"><span class='ocrx_word' id='word_1_60' title='bbox 101 1605 116 1633; x_wconf 81' lang='lat'>·‘</span> <span class='ocrx_word' id='word_1_61' title='bbox 129 1602 202 1658; x_wconf 79' lang='lat' dir='ltr'>turt’</span> <span class='ocrx_word' id='word_1_62' title='bbox 224 1599 308 1659; x_wconf 91' lang='lat' dir='ltr'>modo</span> <span class='ocrx_word' id='word_1_63' title='bbox 320 1603 491 1668; x_wconf 82' lang='lat' dir='ltr'>Mucianum,</span> <span class='ocrx_word' id='word_1_64' title='bbox 506 1599 591 1659; x_wconf 91' lang='lat' dir='ltr'>modo</span> <span class='ocrx_word' id='word_1_65' title='bbox 600 1599 696 1661; x_wconf 84' lang='lat' dir='ltr'>absen-</span> 
     </span>
     <span class='ocr_line' id='line_1_15' title="bbox 104 1685 697 1765; baseline 0.005 -20"><span class='ocrx_word' id='word_1_66' title='bbox 104 1701 160 1745; x_wconf 87' lang='lat' dir='ltr'>tem</span> <span class='ocrx_word' id='word_1_67' title='bbox 176 1686 340 1763; x_wconf 80' lang='lat' dir='ltr'>principem,</span> <span class='ocrx_word' id='word_1_68' title='bbox 361 1685 525 1765; x_wconf 83' lang='lat' dir='ltr'>postremum</span> <span class='ocrx_word' id='word_1_69' title='bbox 544 1685 697 1748; x_wconf 78' lang='lat' dir='ltr'>coelumne</span> 
     </span>
     <span class='ocr_line' id='line_1_16' title="bbox 103 1771 724 1841; baseline -0.002 -10"><span class='ocrx_word' id='word_1_70' title='bbox 103 1771 172 1831; x_wconf 78' lang='lat' dir='ltr'>deos</span> <span class='ocrx_word' id='word_1_71' title='bbox 180 1771 321 1841; x_wconf 81' lang='lat' dir='ltr'>obtestari3</span> <span class='ocrx_word' id='word_1_72' title='bbox 335 1771 424 1831; x_wconf 88' lang='lat' dir='ltr'>donec</span> <span class='ocrx_word' id='word_1_73' title='bbox 433 1774 588 1840; x_wconf 80' lang='lat' dir='ltr'>Mucianus,</span> <span class='ocrx_word' id='word_1_74' title='bbox 605 1772 696 1831; x_wconf 88' lang='lat' dir='ltr'>‘cun·</span> <span class='ocrx_word' id='word_1_75' title='bbox 723 1826 724 1830; x_wconf 75' lang='grc'>,</span> 
     </span>
     <span class='ocr_line' id='line_1_17' title="bbox 97 1854 697 1935; baseline 0.002 -19"><span class='ocrx_word' id='word_1_76' title='bbox 97 1857 116 1894; x_wconf 86' lang='lat'>·‘</span> <span class='ocrx_word' id='word_1_77' title='bbox 129 1861 190 1916; x_wconf 72' lang='lat' dir='ltr'>cios</span> <span class='ocrx_word' id='word_1_78' title='bbox 200 1854 319 1932; x_wconf 86' lang='lat' dir='ltr'>ejusdem</span> <span class='ocrx_word' id='word_1_79' title='bbox 327 1856 498 1931; x_wconf 85' lang='lat' dir='ltr'>sacramenti,</span> <span class='ocrx_word' id='word_1_80' title='bbox 518 1856 637 1935; x_wconf 84' lang='lat' dir='ltr'>ejusdem</span> <span class='ocrx_word' id='word_1_81' title='bbox 645 1859 697 1917; x_wconf 87' lang='lat' dir='ltr'>im·</span> 
     </span>
     <span class='ocr_line' id='line_1_18' title="bbox 103 1940 695 2023; baseline 0.002 -23"><span class='ocrx_word' id='word_1_82' title='bbox 103 1940 260 2022; x_wconf 80' lang='lat' dir='ltr'>‘peratorit</span> <span class='ocrx_word' id='word_1_83' title='bbox 275 1943 384 2001; x_wconf 84' lang='lat' dir='ltr'>rnilites&#39;</span> <span class='ocrx_word' id='word_1_84' title='bbox 402 1942 555 2023; x_wconf 79' lang='lat' dir='ltr'>appellans,</span> <span class='ocrx_word' id='word_1_85' title='bbox 573 1941 641 2001; x_wconf 83' lang='lat' dir='ltr'>falso</span> <span class='ocrx_word' id='word_1_86' title='bbox 659 1943 695 2001; x_wconf 87' lang='lat' dir='ltr'>ti·</span> 
     </span>
     <span class='ocr_line' id='line_1_19' title="bbox 101 2029 696 2108; baseline -0.002 -19"><span class='ocrx_word' id='word_1_87' title='bbox 101 2029 366 2089; x_wconf 83' lang='lat' dir='ltr'>moriobvinmiret.</span> <span class='ocrx_word' id='word_1_88' title='bbox 389 2030 696 2108; x_wconf 64' lang='lat' dir='ltr'>namqueetvietor&#39;ex-</span> 
     </span>
     <span class='ocr_line' id='line_1_20' title="bbox 95 2114 694 2192; baseline 0.003 -20"><span class='ocrx_word' id='word_1_89' title='bbox 95 2114 694 2192; x_wconf 75' lang='lat' dir='ltr'>emiturclamoreincrymascorumjuvabat.</span> 
     </span>
     <span class='ocr_line' id='line_1_21' title="bbox 95 2199 696 2280; baseline -0.002 -21"><span class='ocrx_word' id='word_1_90' title='bbox 95 2199 180 2280; x_wconf 75' lang='lat' dir='ltr'>isque</span> <span class='ocrx_word' id='word_1_91' title='bbox 195 2199 258 2259; x_wconf 76' lang='lat' dir='ltr'>finis</span> <span class='ocrx_word' id='word_1_92' title='bbox 270 2199 316 2258; x_wconf 82' lang='lat' dir='ltr'>illa</span> <span class='ocrx_word' id='word_1_93' title='bbox 328 2200 383 2259; x_wconf 88' lang='lat' dir='ltr'>die.</span> <span class='ocrx_word' id='word_1_94' title='bbox 411 2203 503 2280; x_wconf 81' lang='lat' dir='ltr'>paucis</span> <span class='ocrx_word' id='word_1_95' title='bbox 515 2199 573 2279; x_wconf 88' lang='lat' dir='ltr'>post</span> <span class='ocrx_word' id='word_1_96' title='bbox 587 2200 696 2275; x_wconf 80' lang='lat' dir='ltr'>diebus,</span> 
     </span>
     <span class='ocr_line' id='line_1_22' title="bbox 102 2285 694 2365; baseline 0 -20"><span class='ocrx_word' id='word_1_97' title='bbox 102 2286 291 2365; x_wconf 76' lang='lat' dir='ltr'>alloquentem</span> <span class='ocrx_word' id='word_1_98' title='bbox 311 2287 497 2344; x_wconf 85' lang='lat' dir='ltr'>Domitianum</span> <span class='ocrx_word' id='word_1_99' title='bbox 519 2285 618 2345; x_wconf 81' lang='lat' dir='ltr'>firmati</span> <span class='ocrx_word' id='word_1_100' title='bbox 634 2286 694 2364; x_wconf 86' lang='lat' dir='ltr'>jam</span> 
     </span>
     <span class='ocr_line' id='line_1_23' title="bbox 96 2370 695 2452; baseline 0 -22"><span class='ocrx_word' id='word_1_101' title='bbox 96 2392 245 2452; x_wconf 82' lang='lat' dir='ltr'>excepere.</span> <span class='ocrx_word' id='word_1_102' title='bbox 268 2370 399 2448; x_wconf 85' lang='lat' dir='ltr'>spernunt</span> <span class='ocrx_word' id='word_1_103' title='bbox 409 2372 519 2431; x_wconf 84' lang='lat' dir='ltr'>oblatos</span> <span class='ocrx_word' id='word_1_104' title='bbox 531 2392 621 2448; x_wconf 80' lang='lat' dir='ltr'>agros,</span> <span class='ocrx_word' id='word_1_105' title='bbox 642 2373 695 2430; x_wconf 90' lang='lat' dir='ltr'>mi·</span> 
     </span>
     <span class='ocr_line' id='line_1_24' title="bbox 94 2456 693 2536; baseline -0.007 -18"><span class='ocrx_word' id='word_1_106' title='bbox 94 2457 191 2518; x_wconf 71' lang='lat' dir='ltr'>ditium</span> <span class='ocrx_word' id='word_1_107' title='bbox 204 2474 231 2516; x_wconf 92' lang='lat' dir='ltr'>et</span> <span class='ocrx_word' id='word_1_108' title='bbox 248 2456 376 2536; x_wconf 82' lang='lat' dir='ltr'>stipendia</span> <span class='ocrx_word' id='word_1_109' title='bbox 386 2473 478 2517; x_wconf 86' lang='lat' dir='ltr'>orant.</span> <span class='ocrx_word' id='word_1_110' title='bbox 502 2477 595 2536; x_wconf 83' lang='lat' dir='ltr'>preces</span> <span class='ocrx_word' id='word_1_111' title='bbox 604 2472 693 2530; x_wconf 83' lang='lat' dir='ltr'>erant,</span> 
     </span>
     <span class='ocr_line' id='line_1_25' title="bbox 104 2541 695 2621; baseline -0.007 -17"><span class='ocrx_word' id='word_1_112' title='bbox 104 2543 150 2604; x_wconf 85' lang='lat' dir='ltr'>sed</span> <span class='ocrx_word' id='word_1_113' title='bbox 167 2545 266 2621; x_wconf 84' lang='lat' dir='ltr'>quibus</span> <span class='ocrx_word' id='word_1_114' title='bbox 279 2542 428 2601; x_wconf 82' lang='lat' dir='ltr'>contradici</span> <span class='ocrx_word' id='word_1_115' title='bbox 443 2563 501 2601; x_wconf 89' lang='lat' dir='ltr'>non</span> <span class='ocrx_word' id='word_1_116' title='bbox 517 2541 619 2620; x_wconf 60' lang='lat' dir='ltr'>possem</span> <span class='ocrx_word' id='word_1_117' title='bbox 643 2544 695 2616; x_wconf 87' lang='lat' dir='ltr'>igi·</span> 
     </span>
     <span class='ocr_line' id='line_1_26' title="bbox 104 2628 796 2707; baseline 0.001 -19"><span class='ocrx_word' id='word_1_118' title='bbox 104 2632 192 2688; x_wconf 89' lang='lat' dir='ltr'>turin</span> <span class='ocrx_word' id='word_1_119' title='bbox 205 2633 369 2707; x_wconf 83' lang='lat' dir='ltr'>praetorium</span> <span class='ocrx_word' id='word_1_120' title='bbox 382 2631 494 2707; x_wconf 79' lang='lat' dir='ltr'>accepti,</span> <span class='ocrx_word' id='word_1_121' title='bbox 518 2630 580 2686; x_wconf 91' lang='lat' dir='ltr'>dein</span> <span class='ocrx_word' id='word_1_122' title='bbox 593 2628 693 2705; x_wconf 82' lang='lat' dir='ltr'>quibus</span> <span class='ocrx_word' id='word_1_123' title='bbox 786 2684 796 2701; x_wconf 70' lang='lat'>„</span> 
     </span>
     <span class='ocr_line' id='line_1_27' title="bbox 94 2713 693 2790; baseline -0.005 -17"><span class='ocrx_word' id='word_1_124' title='bbox 94 2732 179 2773; x_wconf 73' lang='lat' dir='ltr'>netas</span> <span class='ocrx_word' id='word_1_125' title='bbox 192 2713 295 2790; x_wconf 79' lang='lat' dir='ltr'>etjusta</span> <span class='ocrx_word' id='word_1_126' title='bbox 307 2713 448 2789; x_wconf 84' lang='lat' dir='ltr'>stipendia,</span> <span class='ocrx_word' id='word_1_127' title='bbox 467 2714 560 2772; x_wconf 83' lang='lat' dir='ltr'>dimiffi</span> <span class='ocrx_word' id='word_1_128' title='bbox 570 2734 630 2771; x_wconf 92' lang='lat' dir='ltr'>cum</span> <span class='ocrx_word' id='word_1_129' title='bbox 643 2715 693 2771; x_wconf 91' lang='lat' dir='ltr'>ho·</span> 
     </span>
     <span class='ocr_line' id='line_1_28' title="bbox 105 2798 694 2882; baseline 0.002 -22"><span class='ocrx_word' id='word_1_130' title='bbox 105 2821 184 2875; x_wconf 85' lang='lat' dir='ltr'>nore,</span> <span class='ocrx_word' id='word_1_131' title='bbox 205 2800 251 2860; x_wconf 83' lang='lat' dir='ltr'>alii</span> <span class='ocrx_word' id='word_1_132' title='bbox 265 2801 302 2860; x_wconf 91' lang='lat' dir='ltr'>ub</span> <span class='ocrx_word' id='word_1_133' title='bbox 313 2799 437 2879; x_wconf 85' lang='lat' dir='ltr'>culpam:</span> <span class='ocrx_word' id='word_1_134' title='bbox 458 2798 501 2860; x_wconf 86' lang='lat' dir='ltr'>scd</span> <span class='ocrx_word' id='word_1_135' title='bbox 517 2802 642 2882; x_wconf 80' lang='lat' dir='ltr'>carptim,</span> <span class='ocrx_word' id='word_1_136' title='bbox 662 2820 694 2861; x_wconf 80' lang='lat' dir='ltr'>uc</span> 
     </span>
    </p>
   </div>
   <div class='ocr_carea' id='block_1_3' title="bbox 0 0 812 3300">
    <p class='ocr_par' dir='ltr' id='par_1_3' title="bbox 0 0 812 3300">
     <span class='ocr_line' id='line_1_29' title="bbox 0 0 812 3300; baseline 0 1"><span class='ocrx_word' id='word_1_137' title='bbox 0 0 812 3300; x_wconf 95' lang='lat' dir='ltr'> </span> 
     </span>
    </p>
   </div>
  </div>
 </body>
</html>
