1614 3300
130 159 187 219 118
236 174 264 220 e.
287 171 651 218 contemnamini

125 268 134 298 ⁸
148 264 193 325 sos
205 271 369 334 Germanos,
381 262 457 340 quod
468 263 573 320 roboris
584 257 719 320 fuerinsu·

123 349 247 431 ‘pereffe
270 352 318 427 qui
337 349 429 426 fugam
449 351 561 420 animis,
587 350 635 425 qui
660 348 720 406 vul·

121 438 208 498 ‘nera
226 455 304 514 tergo
322 435 430 494 ferant!
453 438 580 515 proprios
593 435 656 493 inde
675 432 720 494 sti·

124 527 214 586 mulos
227 524 380 600 legionibus
394 521 565 595 admovebat,
579 520 717 580 ‘domito-

117 613 135 646 ‘
145 634 187 672 res
198 612 353 670 Britanniae
362 609 615 686 quartadecimanos
625 605 719 687 appel·

126 700 222 756 ‘lansa
243 696 392 774 principem
406 694 530 763 Galbam,
550 692 717 770 sextaelegi·

117 790 133 816 '⁸
145 787 207 843 onis
226 786 385 839 auetoritate
403 780 517 840 saelum:
538 781 584 839 illa
596 783 715 859 primum

119 870 132 907 >‘
145 873 212 943 acie,
232 871 404 927 secundanos
414 887 487 926 nova
499 867 582 944 signa,
601 888 714 927 ηονᾱῐηἡ

122 957 132 989 ‘
145 977 199 1036 que
212 954 328 1033 aquilam
338 952 493 1012 dicaturas!
515 957 714 1032 hincpraev'ec-

121 1057 167 1102 tus
180 1042 212 1099 ad
226 1037 417 1098 Germanicum
429 1043 590 1112 exercitum,
614 1059 713 1099 manus

123 1127 263 1199 tendebat,
292 1127 301 1157 ‘
321 1142 351 1184 ut
370 1123 442 1183 suam
453 1129 552 1204 ripam,
573 1124 618 1184 sua
631 1125 712 1184 castra

112 1214 132 1246 '‘
144 1213 273 1288 sanguine
282 1211 396 1270 hostium
405 1213 604 1288 reciperarent.'
618 1211 712 1271 alacri·

114 1314 153 1358 'or
162 1302 284 1356 omnium
296 1298 409 1367 clamor,
427 1300 488 1373 quia
501 1295 655 1372 valelonga
666 1319 713 1375 pa·

119 1405 152 1444 ee
164 1387 258 1462 proelii
272 1383 383 1461 cupido,
408 1382 452 1439 vel
464 1378 531 1438 fessis
544 1381 616 1439 bello
630 1385 709 1458 pacis

119 1490 210 1543 aanor,
223 1472 395 1548 praemiaque
406 1481 433 1525 et
442 1469 520 1546 quies
534 1468 563 1524 in
577 1467 711 1546 posterum

117 1553 305 1632 sperabantur.
337 1561 396 1614 Nec
405 1555 499 1613 Civilis
508 1552 628 1612 filentein
639 1552 706 1613 stru·
718 1569 754 1626 17

116 1642 160 1697 xit
178 1645 274 1715 aciem,
293 1641 383 1700 locum
398 1661 502 1718 pugnae
518 1640 607 1698 testem
621 1643 710 1701 virtu·

116 1727 153 1781 tis
167 1729 258 1786 ciens=
279 1727 289 1758 ‘
305 1726 371 1785 stare
383 1735 532 1785 Germanos
542 1726 710 1806 Batavosque

106 1808 125 1840 '‘
138 1808 218 1889 super
229 1812 339 1889 vestigia
350 1812 462 1890 gloriae,
483 1816 587 1872 cineres
599 1812 710 1894 ossaque

103 1897 124 1922 '‘
137 1894 280 1970 legionum
293 1899 446 1968 calcantea;
460 1919 635 1978 quocumque
643 1921 709 1960 ocu-

103 1976 123 2009 ⁴
135 1979 181 2038 los
194 1990 333 2044 Romanus
344 1981 707 2066 intenderet‚captivitatem,

100 2061 120 2092 '‘
136 2067 655 2152 clademqueetdiraominaobversari,
673 2094 708 2132 ne

99 2146 121 2176 '‘
136 2165 307 2217 terrerentur
321 2159 396 2216 vario
409 2163 437 2214 T
440 2161 551 2216 reverici
567 2161 662 2236 proelii
678 2178 707 2215 e·

108 2235 118 2261 ‘
133 2254 239 2301 ventu:
260 2244 332 2303 suam
345 2243 548 2302 illicviftoriam
562 2246 708 2305 Germanis

94 2313 118 2351 '‘
132 2322 276 2405 obstitisse,
285 2332 349 2389 dum
357 2330 454 2387 oiniffis
463 2331 534 2403 telis,
544 2331 640 2410 praeda
650 2350 708 2388 ma·

98 2397 118 2509 Σ
133 2423 191 2466 nus
207 2416 376 2495 impediune;
395 2413 437 2474 sed
450 2422 546 2475 cuneia
563 2437 629 2475 mox
641 2437 707 2496 praa

130 2485 223 2576 spem,
235 2517 262 2564 et
270 2502 337 2564 hosti
346 2502 616 2567 contrariaeveniffe.
638 2521 708 2583 quae
